2792 4759
54 366 114 440 De
127 362 356 448 adminicmit
363 359 505 456 filulis
513 363 775 461 pemcltfl'fluru
789 365 1058 462 tonsoqumdaet
1083 377 1180 458 ttae

400 604 420 610 .·
479 548 709 651 ³§.1so;b.·
822 558 825 566 '

53 692 118 762 'D‘e
159 681 490 784 consoci'andie
531 689 751 782 ecclesiis
781 687 1071 772 {lutheranis
1110 681 1178 786 es

69 797 73 805 “
348 810 354 822 ·
417 792 754 909 ¹Reformat‘ic.
1148 805 1174 827 ”

152 945 275 1039 Quum
297 932 596 1046 progreslihusin
612 943 812 1018 excolenda
835 949 971 1022 ratione
993 947 1173 1030 humane

51 1062 88 1122 et
104 1045 353 1149 philosophie,
379 1047 536 1145 itemque
552 1047 592 1124 in
606 1061 706 1120 recta
719 1045 916 1148 scripturae
931 1049 956 1124 s.
975 1052 1153 1154 interpre-

50 1153 186 1223 tatione
198 1148 303 1222 sactis
317 1159 373 1221 res
388 1174 432 1222 eo
445 1147 644 1240 devenerit,
668 1163 710 1221 ut
729 1150 976 1249 prudentiores
990 1154 1153 1228 ecclelia...

50 1277 137 1325 rum
149 1249 375 1325 Lutheranoe
388 1265 424 1328 et
437 1248 659 1322 Resormutue
672 1249 807 1324 sodales
817 1251 887 1326 libi
902 1252 1152 1352 persuaserint,

51 1354 238 1452 religionis
250 1350 469 1426 Christianae
482 1352 685 1425 maxirnum
697 1367 919 1436 ,momentum
933 1353 999 1428 else
1015 1358 1056 1429 in
1069 1383 1151 1430 mo«

51 1456 157 1528 ribus
172 1453 322 1526 adhene
336 1451 549 1550 honesteque
562 1454 756 1527 vivendum
769 1454 932 1552 regendis
944 1471 980 1530 et
990 1457 1036 1530 ad
1044 1457 1151 1533 Clui-

50 1554 96 1628 sti
113 1555 321 1656 exemplum
339 1569 375 1626 et
395 1552 619 1653 disciplinam
636 1556 695 1654 pie
713 1556 992 1652 conformandis,
1019 1559 1152 1636 iidem«

50 1683 124 1758 que
136 1657 399 1758 perspexerint,
417 1679 545 1727 vanam
557 1655 622 1728 ello
637 1659 676 1728 in
690 1657 883 1730 retinendis
897 1657 971 1732 istis
985 1661 1029 1734 de
1044 1687 1151 1761 prae«
1171 1720 1178 1752 ζ

49 1761 164 1833 sentia
177 1757 309 1832 Christi
323 1755 543 1831 lulss'tantioli
559 1753 612 1853 (ὅ.
632 1772 702 1832 178
720 1757 779 1854 ll.)
799 1773 834 1830 et
854 1759 898 1831 de
918 1761 1059 1836 decreto
1082 1764 1152 1836 alu
1176 1816 1179 1826 ·

50 1861 168 1934 sohrto
182 1856 235 1957 (§.
255 1857 359 1953 147.)
376 1857 574 1950 sententiis,
607 1859 766 1932 sutilium
789 1859 875 1931 olim
896 1867 1152 1946 controversa«,

50 1961 349 2051 numeraremus,
368 1961 616 2058 pertinaciam,
637 1976 818 2059 praeterea
828 1961 902 2050 sere
917 1963 1055 2038 nullum
1069 1963 1166 2040 emh,
1203 1945 1209 1962 ⁸

74 2067 148 2137 lius
163 2065 256 2136 inter
271 2063 354 2134 istos
368 2075 506 2153 coetus,
540 2063 605 2134 nili
626 2062 724 2160 quod
746 2064 785 2134 in
805 2062 904 2136 l'acra
925 2067 1149 2142 coenaceled

51 2094 190 2239 hranda
212 2165 364 2264 politum
385 2161 455 2256 est,
487 2163 678 2235 discrimen
701 2163 847 2262 aliquod
871 2167 1046 2261 gravioris
1068 2195 1151 2252 mo-
1172 2209 1181 2221 ·=

52 2268 166 2341 menti
182 2264 376 2339 intercedat
389 2263 442 2360 ⁴),
474 2289 547 2336 non
561 2262 675 2334 solum
689 2264 847 2362 optabile
862 2265 930 2356 est,
962 2265 1023 2338 sed
1036 2271 1148 2344 etiarn
1161 2337 1167 2354 ι

51 2369 157 2443 facile
171 2366 444 2468 perficiendum,
470 2381 512 2436 ut
523 2364 699 2436 funestum
713 2364 802 2438 illud
818 2366 911 2436 inter·
923 2364 1153 2446 Lutheranos

51 2487 86 2544 et
100 2469 323 2542 Reformatos
339 2467 530 2539 discidium
548 2465 690 2538 tandem
706 2464 897 2563 aliquando
917 2467 1061 2564 prorsus
1077 2471 1154 2543 tol*
1170 2520 1172 2526 ,

51 2574 164 2665 latur,
179 2586 214 2644 et
224 2572 368 2668 utrique
382 2568 563 2650 communi
572 2567 868 2664 Evangelicorum
880 2567 938 2638 vel
949 2569 1149 2644 Protestaffi

50 2677 147 2749 tium
166 2672 309 2746 nomine
327 2673 420 2742 inter
435 2668 470 2740 se
486 2667 741 2742 consocientur.
793 2667 875 2760 Qua
890 2667 933 2740 de
948 2695 986 2742 re
995 2669 1010 2762 ,'
1032 2669 1176 2770 quamn.

51 2801 168 2877 nuper
189 2775 299 2847 etiem
321 2771 445 2868 inique
466 2796 509 2844 ac
529 2768 690 2868 perverse
714 2794 735 2840 a
756 2769 934 2842 nonnullis
956 2771 1000 2844 de
1023 2797 1065 2844 ea
1089 2775 1173 2848 iu--,

50 2879 212 2953 dicmmn
233 2876 293 2966 snt,
327 2897 419 2972 quae
440 2873 498 2944 vel
519 2872 566 2943 ad
588 2869 745 2942 hominis
762 2869 953 2944 Christiani
974 2871 1150 2970 officium,¹

48 2981 107 3054 rel
129 2979 177 3054 ad
199 2976 333 3051 consilii
352 2973 579 3077 prudentiam
597 2973 813 3073 pertineant,
844 2973 918 3046 iam
936 2976 1063 3074 paucis
1079 2996 1150 3064 err-g

47 3105 236 3183 ponemus.
535 3120 538 3139 ·
961 3135 964 3144 .

154 3181 183 3254 l.
209 3179 265 3252 Ac
279 3181 435 3278 primum
449 3175 595 3277 quidem
615 3173 733 3250 officio
755 3175 940 3278 respondet
961 3177 1051 3251 illud
1072 3178 1156 3252 ‹fis-n

46 3283 192 3359 cidium
210 3282 374 3381 componi
391 3295 426 3352 et
445 3279 591 3351 aboleri.
642 3279 704 3350 Est
725 3280 821 3350 enim
844 3306 892 3351 ex
911 3279 998 3350 salsa
1016 3279 1155 3354 verbo*

46 3411 153 3477 mm,
180 3383 312 3482 quihus
330 3380 487 3456 Christus
505 3382 545 3451 in
566 3379 781 3453 instituenda
801 3379 827 3452 s.
848 3404 958 3451 coena
979 3379 1150 3477 ususest,

47 3485 341 3586 interpretatione
363 3499 543 3575 coortum,
584 3497 619 3554 et
642 3481 839 3580 pertinacia
860 3480 1014 3580 quadarn
1036 3485 1155 3555 etri·-v

45 3587 168 3664 xnndi
188 3587 339 3658 lihidine
355 3609 494 3675 eorum,
521 3583 653 3682 quibus
667 3582 848 3654 sacrorum
863 3583 1061 3656 emendatio
1077 3583 1151 3658 sec.¹

42 3689 143 3764 XVI
159 3687 324 3777 debetur,
346 3687 512 3784 inprimis
521 3683 825 3773 Lutheranorum,
851 3699 995 3756 auctum
1011 3699 1046 3756 et
1060 3685 1148 3770 c'ons

44 3794 243 3866 firmatum.
291 3787 390 3860 Idem
406 3813 515 3886 porro
534 3785 693 3875 consilio,
720 3811 791 3883 quo
808 3783 900 3856 lesus
917 3784 1001 3858 Chr.
1021 3783 1045 3856 s.
1065 3810 1156 3858 coca

45 3919 137 3984 nam
151 3889 323 3981 instituit,
344 3888 536 3961 memoriae
551 3887 677 3986 ipsius,
700 3913 711 3958 t
726 3888 833 3986 uippe
850 3887 1011 3958 omnium
1026 3881 1159 3959 homi-2·

43 3987 529 4085 num,amantillirni(lo.15,
544 3986 642 4084 13),
668 3913 899 4060 ceiehrandae
911 4000 1156 4085 mutuamque.

42 4097 143 4170 inter
154 4092 375 4168 Christianos
391 4115 552 4164 aurorem·
565 4090 719 4188 augendi
735 4087 775 4184 (1
796 4089 876 4162 Cor.
896 4101 952 4175 10,
973 4086 1053 4186 17.)
1070 4089 1148 4187 pri»,

41 4191 479 4304 marioqueChristianae
499 4191 682 4289 religionis
680 4202 896 4365 Kppaecepto
916 4183 1067 4282 (llattlr.
1087 4204 1161 4285 22,-
