2792 4759
222 359 294 426 sos
419 345 686 436 Protegonoem.
734 340 850 436 capua
874 343 946 414 111.
983 332 1028 436 ·§.
1057 353 1117 416 ao.

218 537 352 597 temere
368 517 530 594 nonnulli
544 516 611 590 fibi
625 517 809 590 finxerunt
824 509 886 612 s),
911 529 952 588 ut
966 511 1056 590 haec
1073 507 1243 592 sententia
1258 545 1326 594 ec-

217 623 342 698 clesiae
356 619 568 719 antiquioris
580 616 749 692 historiae
767 643 838 690 non
853 619 983 717 magis,
1009 641 1119 716 quam
1133 621 1325 696 universae

220 722 483 800 Christianismi
502 715 556 818 (§
578 718 657 818 ta.)
678 733 714 792 et
733 716 1010 792 Protestantismi
1033 715 1086 816 (§.
1105 720 1189 819 21.)
1212 749 1323 798 verae

218 825 335 902 indoli
349 839 521 926 repugnet
536 836 571 895 et
584 821 744 995 Papum
758 834 891 894 certam
905 819 1057 920 speciem
1071 821 1211 898 reserat.
1244 826 1321 900 Ec-

217 927 340 1005 clesiae
364 940 484 1000 autem
507 948 640 1021 evange
657 923 729 996 ‘cae
754 921 846 996 salus
871 924 1005 1022 optime
1033 925 1318 1024 promovebitur,

217 1031 263 1122 ti,
290 1027 336 1100 ad
348 1027 554 1126 exemplum
567 1023 729 1098 ecclesiae
745 1025 964 1124 primaevae,
997 1024 1213 1126 pauchttmis
1227 1054 1318 1102 con-

215 1145 313 1206 tenta
330 1127 556 1228 dogmatibus
576 1141 612 1198 et
632 1151 736 1198 verae
758 1125 924 1224 religioni
945 1127 1123 1226 practicae
1138 1128 1316 1204 studiosis-

215 1234 323 1324 sima,
363 1228 487 1331 probis
515 1243 622 1327 atque
649 1225 886 1327 prudentibus
913 1227 1084 1326 gaudebit
1106 1229 1313 1306 doctoribus

215 1334 387 1433 cultuque
409 1330 574 1428 religioso
597 1343 745 1402 externo
767 1343 801 1402 et
822 1327 1072 1429 simplicissimo
1095 1345 1130 1404 et
1150 1333 1314 1408 omnium

215 1436 315 1510 illius
336 1432 582 1506 membrorum
603 1429 783 1504 (desideriis
805 1429 896 1504 benc
918 1431 1194 1506 accommodato.
1242 1436 1314 1508 Hi-

215 1538 324 1614 storia
345 1539 492 1630 daniam
520 1532 703 1632 religionis
732 1531 914 1606 doctrinae
943 1531 1138 1608 luculenter
1163 1533 1314 1610 demon-

215 1639 322 1732 strat,
362 1652 440 1710 tum
462 1635 623 1710 doctores
644 1633 739 1726 eius,
778 1659 843 1733 pro
865 1635 1089 1733 ingeniorum
1113 1634 1314 1714 diversitate

214 1757 252 1816 et
267 1765 332 1839 pro
347 1737 409 1810 sua
424 1761 602 1836 quemque
616 1734 814 1810 studiorum
834 1735 986 1828 ratione,
1020 1749 1068 1810 ex
1083 1757 1154 1809 uno
1168 1737 1313 1814 eodem-

216 1865 287 1942 que
307 1840 490 1939 religionis
511 1837 627 1929 sonte,
686 1838 727 1910 ui
746 1836 893 1937 quidem
915 1851 950 1910 et
972 1837 1045 1938 ipse
1060 1835 1222 1914 'diversos
1244 1841 1311 1914 do-

214 1941 351 2017 ctrinae
365 1956 469 2040 typos
484 1937 635 2012 exhibet
647 1864 701 2035 (tp
714 1937 814 2038 ts),
834 1937 1021 2012 sententias
1035 1938 1186 2015 subinde
1200 1967 1311 2041 quam

214 2043 375 2116 maxime
400 2039 555 2114 diversas
579 2039 747 2113 derivasse
763 2039 820 2138 t),
858 2041 929 2133 ita,
969 2057 1010 2114 ut
1032 2067 1053 2114 a
1076 2044 1203 2143 primis
1224 2045 1311 2118 inde

213 2143 436 2246 temporibus
453 2169 518 2243 per
534 2143 694 2216 doctores
712 2141 975 2236 ecclesiasticos,
1002 2143 1151 2220 coucilia
1167 2157 1202 2217 et
1217 2171 1311 2244 pon-

214 2247 327 2320 tifices
343 2247 522 2318 Romanos
542 2243 724 2344 religionis
739 2243 901 2316 doctrina
916 2246 1015 2320 omni
1029 2270 1113 2318 aevo
1129 2245 1197 2318 alia
1214 2239 1309 2345 qua-

213 2347 300 2422 dam
318 2345 434 2422 sorma
455 2345 581 2419 induta
603 2344 777 2447 prodierit
792 2341 848 2444 l);
888 2359 966 2418 tum
988 2345 1099 2447 ipsam
1123 2345 1310 2446 religionis

214 2447 434 2524 Christianae
454 2444 651 2530 efficaciam
667 2445 854 2522 salutarem
874 2449 973 2522 omni
996 2463 1152 2550 tempore
1174 2473 1311 2552 pepen-

212 2549 299 2626 disse
322 2577 344 2624 a
367 2551 469 2624 sanae
489 2550 638 2624 rationis
661 2548 741 2624 luce
763 2548 843 2651 plus
865 2550 1026 2624 minusve
1049 2550 1146 2624 illius
1169 2551 1308 2667 exposi-

212 2650 451 2745 tioni'affusa3
477 2650 779 2751 quemadmodum
791 2649 939 2724 historia
954 2650 1055 2744 teste,
1075 2653 1115 2726 in
1129 2678 1227 2726 cmm
1241 2679 1308 2753 po-

211 2755 298 2855 pulo
319 2779 425 2828 coeca
446 2753 622 2852 quaedam
642 2751 832 2826 credulitas
849 2754 1068 2828 auctoritatis
1085 2754 1235 2854 imperio
1254 2769 1308 2828 te-

209 2879 309 2930 mere
332 2854 498 2929 obsecuta
525 2852 727 2952 gravislima
749 2852 878 2927 scelera
905 2855 1044 2956 peperit
1070 2868 1132 2927 aut
1155 2881 1237 2930 cum
1260 2857 1308 2930 iis

211 2959 401 3030 coniuncta
422 2957 509 3047 suit,
543 2979 728 3054 nunquam
750 2981 833 3028 vero
856 2954 943 3028 fides
970 2955 1132 3055 religiosa
1158 2958 1308 3030 rationis

209 3055 290 3134 luce
312 3057 512 3131 collustrata
532 3055 592 3130 seu
614 3053 872 3156 philosophica.
925 3057 999 3132 Nec
1021 3059 1140 3130 nrinus
1157 3055 1308 3132 historia

209 3157 373 3234 ecclesiae
394 3159 473 3232 luce
495 3157 625 3232 clarius
647 3156 770 3250 docet,
805 3157 983 3232 ecclesiam
1007 3155 1220 3233 catholicam
1241 3186 1310 3260 per

209 3275 263 3334 tot
282 3275 450 3360 tantaque
470 3259 669 3333 facinorum
690 3258 846 3334 monstra
866 3259 1038 3353 nefanda,
1073 3259 1206 3360 quibm
1224 3287 1310 3335 cru-

208 3361 380 3439 delissime
393 3361 454 3434 usa
468 3360 519 3434 est
533 3348 580 3434 ad
594 3358 791 3434 haereticos
804 3361 1050 3462 exstirpandos
1064 3360 1111 3460 ¹),
1130 3363 1309 3462 impedire

207 3489 282 3538 uon
297 3461 464 3565 periisse,
485 3457 562 3561 'quo
575 3465 694 3536 minus
709 3464 747 3534 in
763 3462 839 3562 ips'o
853 3463 929 3535 eius
944 3479 1047 3538 coetu
1060 3465 1219 3564 partium
1231 3464 1309 3536 stu-

207 3565 280 3640 diis
301 3565 491 3638 dilacerato
512 3565 692 3638 innumeri
709 3561 814 3637 essent
830 3561 1039 3657 Christiani,
1072 3567 1138 3664 qui
1159 3566 1309 3665 puriore

205 3667 342 3742 imbuti
358 3667 559 3766 cognitione
581 3690 602 3738 a
625 3665 847 3739 decretorum
869 3680 904 3738 et
926 3667 1041 3740 cultus
1062 3666 1223 3740 ecclesiae
1244 3691 1309 3742 ca-

207 3767 362 3844 tholicae
387 3767 594 3842 commentis
617 3766 812 3865 longissime
835 3765 1085 3859 abhorrerent,
1118 3793 1205 3862 uec,
1239 3769 1309 3842 nisi

206 3870 420 3945 clericorum
439 3869 627 3970 impotenti
641 3869 881 3942 dominatione
903 3871 1073 3963 revincti,
1100 3869 1140 3942 in
1153 3871 1230 3944 sinu
1245 3897 1309 3946 ec-

207 3970 329 4046 clcsiae
346 3972 620 4045 continerentur.

309 4071 416 4165 Quod
433 4099 518 4146 vero
537 4073 663 4145 attinet
677 4071 723 4144 ad
738 4069 932 4144 calumnias
951 4071 1052 4164 istas,
1079 4095 1171 4172 quae
1186 4069 1307 4148 nostra

202 4187 322 4252 reate
343 4175 580 4251 a-l’ontificiis
601 4173 801 4269 romulis,
829 4174 992 4254 marene
1011 4171 1231 4276 Neophytis,
1263 4176 1309 4258 ie
