2792 4759
535 356 679 453 ΡΜ
723 342 811 433 Cap.
832 342 885 411 ΙΙ.
935 334 1053 437 §.aa

313 438 376 513 m
497 524 642 595 ww,
666 507 740 563 auct
754 509 798 561 bu*
815 508 1004 577 ‘dositheum
1017 510 1118 579 snitu
1131 512 1350 585 flammam

359 586 403 639 Μ
411 566 496 677 1⁶:3⁸
504 609 556 675 ass⁰
566 594 640 649 nicht
653 593 704 646 der
717 594 793 646 Alter
810 594 959 664 Wiffiude,
977 598 1058 648 nicht
1071 599 1121 648 der
1129 596 1275 665 Regiam
1293 602 1349 653 der

353 654 432 715 ’Μ’
447 652 484 755 :5
495 676 684 746 mittebam,
709 678 791 730 nicht
804 678 852 729 der
862 678 980 731 Richter
992 681 1152 748 desselben,
1178 701 1226 734 um
1239 703 1282 735 zu
1298 686 1346 736 be·

350 730 413 866 ltili
412 754 427 842 ἰ.
433 802 446 845 1,
459 781 531 830 pun,
548 760 627 812 nicht
640 760 719 816 Θου.
757 764 801 815 Er
812 761 1008 832 chersonam
1026 780 1087 815 ¹⁰⁸⁸
1100 765 1255 833 ‘'filus’'
1282 771 1343 820 ’ἠδ

329 814 374 939 iit
383 876 432 925 ita
438 853 520 928 stelit,
537 844 567 895 sn
579 846 672 916 pedem
683 846 872 914 Augenssiek,
889 846 935 897 die
946 849 1098 914 gesan„
1110 848 1339 905 [pumat-cum

322 965 367 1013 g„
376 932 562 1013 ofibqffmm
576 931 614 982 da
628 946 684 983 von
697 930 842 1000 motgtete
855 948 889 982 zu
901 931 1083 997 Euigkeggn

717 1131 751 1232 §.
781 1149 842 1211 aa.

621 1279 825 1352 Sapientia
851 1281 933 1337 Dei.

329 1428 407 1505 Hac
421 1428 653 1529 intelligentia
668 1430 736 1503 Dei
751 1427 999 1529 perfectissima
1015 1427 1218 1504 continetur
1230 1433 1327 1505 eius-

235 1535 502 1628 demsopientio
515 1530 541 1605 s.
556 1556 598 1605 ea
611 1532 742 1623 virtus,
768 1555 839 1631 qua
854 1530 1005 1603 consiliis
1020 1529 1065 1603 de
1077 1529 1209 1604 suanno
1221 1532 1323 1605 bono

232 1636 364 1732 ubbpue
375 1630 561 1709 efficiendo
576 1632 834 1733 perfectisbmis
848 1630 1065 1708 adminicula
1079 1630 1219 1707 adhibet
1230 1660 1318 1733 per·
1332 1700 1336 1711 .

230 1735 411 1813 fectiffimo
434 1736 459 1810 i.
477 1762 507 1809 e.
534 1734 600 1806 fini
620 1735 806 1835 aptillima.
864 1734 968 1807 Hauc
987 1734 1103 1807 divini
1122 1734 1315 1809 intellectus

227 1839 414 1928 virtutem,
450 1862 521 1937 qna
541 1835 642 1908 simul
662 1836 854 1909 voluntatis
868 1836 1012 1908 divinae
1032 1851 1128 1909 certa
1146 1837 1319 1936 quaedam

226 1934 367 2011 affectio
384 1934 713 2041 compnehenditur,
747 1964 819 2009 non
833 1940 1062 2033 succqffioom
1081 1934 1148 2011 esse
1167 1939 1224 2010 vel
1244 1945 1319 2011 dia·

227 2044 398 2135 curfivom
414 2038 452 2113 h.
467 2066 497 2113 e.
516 2038 770 2113 deliberatione
792 2039 947 2139 quadam
967 2054 1145 2139 egentem,
1179 2039 1240 2112 sed
1260 2048 1319 2113 di-

221 2158 359 2215 cotom
381 2156 416 2216 et
441 2147 667 2228 intuitivom,
704 2137 741 2213 h.
763 2167 794 2215 a.
821 2167 893 2218 uuo
918 2142 1069 2242 simplici
1100 2140 1318 2241 intelligendi

224 2260 308 2317 actu
323 2244 443 2318 omnia
458 2243 559 2315 simul
575 2240 896 2346 adprehendentem
904 2298 914 2334 ,
947 2270 968 2315 e
985 2243 1200 2341 cognitionis
1215 2242 1318 2320 abso-

224 2346 298 2423 lute
317 2346 490 2447 perfectae
511 2344 629 2417 indole
649 2344 876 2518 conseguitur
889 2343 936 2444 ⁸).
989 2344 1166 2418 Probatur
1179 2345 1316 2445 sapien-

224 2450 275 2521 tia
292 2448 361 2521 Dei
380 2472 427 2521 ex
446 2448 641 2521 innumeris
656 2448 733 2519 eius
775 2447 971 2519 acumentis
991 2446 1030 2518 in
1053 2446 1177 2519 ordine
1197 2473 1316 2522 rernm

223 2547 370 2651 physico
393 2574 435 2624 ac
456 2550 584 2623 morali
606 2547 805 2647 conspicuis
825 2543 879 2645 (ᾗ.
899 2546 980 2646 55.)
1009 2545 1201 2648 (sapientia
1222 2557 1316 2621 teob-

224 2656 306 2723 nica
327 2667 363 2726 at
384 2650 519 2751 ethico)
536 2650 590 2751 ⁵),
623 2650 756 2751 quibus
776 2648 823 2721 ad
842 2674 921 2721 eam
941 2649 1154 2724 adducimur
1172 2652 1314 2751 persuu-

222 2754 372 2847 lionem,
398 2754 604 2853 ubieunque
621 2765 776 2845 nosmet,
802 2750 1000 2825 arctisbmis
1014 2754 1143 2825 mentis
1160 2767 1197 2825 et
1212 2769 1313 2827 natu-

143 2846 151 2869 *
222 2880 284 2931 rae
297 2856 429 2929 finibus
445 2852 721 2954 circumscripti,
746 2851 782 2925 sa
808 2853 936 2926 ieutiae
955 2852 1052 2925 illius
1070 2853 1217 2953 vestigia
1236 2856 1314 2929 fiu-

222 2957 294 3034 stra
310 2958 529 3058 quaerimus,
556 2982 597 3028 ea
612 2982 694 3029 vere
710 2881 839 3048 adesse,
865 2955 1000 3027 etiamsi
1015 2979 1088 3027 non
1103 2956 1169 3028 nisi
1184 2957 1225 3027 in
1239 2960 1311 3031 vita

222 3060 341 3133 firtura
358 3057 497 3131 anobis
512 3058 693 3158 cognitum
707 3057 756 3130 iri
770 3056 964 3130 verosimile
985 3056 1037 3129 fit.
1088 3057 1170 3130 Non
1189 3056 1311 3133 desunt

221 3158 491 3235 lucidentiffima
512 3158 620 3233 huius
642 3160 785 3232 virtutis
800 3162 876 3232 Deo
889 3158 1045 3231 tributae
1055 3157 1259 3233 testimonia
1273 3162 1311 3235 in

220 3262 362 3335 serioris
383 3262 599 3362 potissimum
621 3260 745 3333 aetatis
765 3260 869 3333 libris
884 3257 921 3333 ss.
944 3260 1069 3353 obvia,
1103 3286 1217 3360 quum
1238 3264 1309 3335 He

219 3360 323 3439 braei
343 3363 578 3463 antiquiores,
612 3390 660 3437 ex
680 3388 779 3436 more
801 3361 926 3465 populi
945 3362 1118 3465 cuiusque
1143 3362 1309 3456 rudioris,

217 3464 332 3567 magis
347 3465 393 3537 ad
408 3464 581 3539 sununam
594 3466 663 3539 Dei
678 3466 754 3537 vim
770 3481 876 3565 atque
891 3462 1104 3559 efficaciam,
1136 3492 1245 3566 quam
1264 3466 1308 3538 ad

217 3566 426 3669 sapientiam
442 3568 518 3640 eius
531 3566 789 3669 explorandam
801 3568 934 3668 promti
947 3567 1080 3641 suerint
1093 3564 1147 3665 (ᾗ.
1161 3577 1220 3645 te.
1240 3567 1305 3667 a).

216 3671 272 3745 Cf.
290 3668 342 3743 Pl.
358 3678 439 3761 104,
458 3669 554 3745 2411'.
581 3667 846 3761 loh.1a‚1stt.
877 3683 935 3759 es,
953 3682 998 3743 as
1014 3667 1051 3740 ss'.
1075 3670 1179 3743 Prov.
1197 3686 1232 3762 s,
1252 3686 1305 3747 19.
1326 3662 1335 3675 '

221 3788 279 3851 20.
309 3788 342 3865 s,
361 3770 457 3847 oon
484 3772 587 3845 Rom.
606 3786 663 3865 11,
681 3787 726 3847 ss
742 3768 779 3843 ss'.
811 3785 867 3863 is,
886 3784 944 3845 27.
973 3770 1046 3844 Cot.
1065 3786 1099 3862 2,
1116 3786 1149 3846 s.
1181 3774 1305 3846 iTim.

222 3891 254 3967 1,
275 3890 331 3952 17.
363 3876 431 3949 lac.
452 3888 484 3966 1,
505 3884 538 3949 5.
598 3874 795 3974 Scriptores
819 3874 863 3945 N.
882 3874 928 3945 T.
953 3873 992 3944 in
1014 3871 1234 3947 celebrandis
1253 3874 1306 3947 sa-

216 3979 370 4078 pientiae
402 3977 568 4051 laudibus
600 3974 779 4049 interdum
811 3972 849 4045 id
883 3988 1014 4075 agrutt,
1055 3988 1096 4047 ut
1127 3974 1307 4073 religionis

216 4076 434 4151 Christianae
459 4078 716 4152 institutionem
740 4092 911 4175 tauquam
938 4076 1094 4149 sunrmae
1118 4075 1307 4175 sapientiae

214 4180 328 4252 amori
352 4180 651 4255 conitmctissimoe
675 4180 927 4278 documentum
949 4184 1200 4265 (oeconomiam
1218 4208 1308 4273 gro-
