2792 4759
190 296 267 373 m
458 286 629 367 Panto
677 252 842 379 &utt-
891 276 1013 381 tro.

189 456 448 557 munic&
470 457 598 533 nardi
621 455 872 534 obtutum
894 472 1034 533 uncnn
1057 456 1289 539 minimi

189 558 298 656 boni,
329 573 463 660 quanto
476 584 639 661 quaeque
653 558 800 659 dignum
819 556 890 633 sese
909 560 1132 661 praestiterit.
1184 562 1291 637 Divi-

189 660 291 736 ditnr
302 676 421 753 autem
434 660 567 735 iustitia
580 662 621 735 in
635 664 893 757 legislatoriam
908 659 1169 765 (dispositivam
1183 662 1209 737 s.
1225 689 1291 738 an-

190 760 448 861 tecedentem),
483 788 555 863 qua
569 764 667 837 Deus
688 764 825 837 naturis
847 764 983 837 ratione
1004 764 1175 865 praeditis
1196 766 1291 867 leges

191 864 263 939 sert
283 863 444 958 easdem,
478 880 514 940 et
533 868 797 941 distributivam
819 862 1067 963 (iudiciariam
1087 866 1149 939 seu
1169 866 1290 941 conse·

192 964 402 1067 quentem),
432 992 505 1068 qua
526 983 621 1041 recte
640 966 829 1041 facientem
849 992 1028 1141 unffi
1046 968 1289 1067 praemiinor-

193 1081 276 1161 nat,
308 1084 512 1169 peccantem
530 1068 654 1171 poenis
672 1065 803 1159 afficit,
838 1092 904 1167 aeq
935 1069 942 1085 '
1023 1092 1047 1140 a
1065 1068 1213 1169 quidem
1231 1092 1286 1141 ra-

193 1170 303 1243 tione.
331 1166 453 1267 (uon.
470 1187 504 1263 2,
523 1184 565 1247 11
584 1168 644 1269 ss.)
693 1168 830 1243 lustitia
843 1168 1073 1242 distributiva
1089 1170 1221 1243 iterum
1233 1168 1285 1243 di·

194 1268 331 1343 viditur
345 1274 384 1345 in
397 1269 569 1345 iustitiam
580 1276 894 1345 remuneratorium
908 1284 943 1343 et
953 1276 1161 1370 punitivum
1171 1270 1198 1345 s.
1210 1273 1286 1345 vin-

193 1370 389 1445 dicativam
402 1370 450 1471 ὗ).
501 1374 614 1473 Leges
628 1397 651 1445 a
665 1374 742 1449 Deo
761 1374 931 1474 repetitae
952 1373 1122 1449 dicuntru
1142 1387 1205 1445 aut
1224 1398 1290 1445 ua·

196 1478 328 1545 nuclea
342 1472 369 1547 s.
385 1468 610 1568 necessariae,
636 1500 729 1575 quae
743 1474 1002 1576 cognoscuntur
1022 1500 1070 1548 ex
1089 1472 1207 1547 indole
1219 1471 1289 1547 ho-

196 1575 337 1649 minum
357 1576 484 1648 morali
504 1600 695 1679 rerumque
711 1590 908 1651 creatamm
924 1590 1064 1668 natura,
1089 1588 1151 1647 ant
1159 1577 1287 1670 pofiti-

197 1705 280 1763 ναι,
301 1699 393 1777 quae
403 1676 571 1777 singulari
580 1678 736 1779 quadarn
749 1678 957 1772 auctoritate
968 1676 1087 1748 divina
1096 1677 1288 1777 patefactae

196 1794 234 1853 et
253 1778 406 1853 sancitae
427 1776 664 1880 perhibentur
689 1775 742 1878 (ᾗ.
762 1777 830 1878 7.).
881 1778 962 1871 Quo
977 1778 1180 1853 discrimine
1196 1790 1291 1851 recte

197 1878 406 1971 constituto,
445 1879 526 1953 sone
555 1896 694 1955 tantum
724 1882 846 1981 legum
876 1878 1054 1970 diversus,
1090 1905 1163 1953 non
1187 1904 1292 1977 angu-

69 2011 71 2014 ·
197 1994 359 2053 mentum
390 2006 514 2055 earnm
545 1982 649 2084 plane
680 1981 859 2055 diversum
890 1983 1048 2083 ponitur.
1107 1979 1293 2073 Quaecun-

199 2106 270 2183 que
291 2082 387 2153 enim
407 2099 594 2185 praecepta
616 2084 735 2184 legum
758 2084 962 2157 divinarum
982 2082 1211 2185 positivorum
1231 2106 1301 2179 no·-

199 2182 298 2257 mine
320 2198 443 2256 ornata
468 2184 620 2279 finerint,
659 2210 702 2259 ea
723 2212 795 2259 non
816 2185 882 2261 nisi
907 2200 1081 2285 quatenus
1105 2208 1189 2258 cum
1213 2180 1296 2255 sana

199 2284 337 2368 catione
353 2287 586 2380 conveniunt,
611 2313 677 2389 pro
692 2284 824 2361 (livinis
844 2302 938 2361 recte
954 2282 1144 2361 habentur.
1194 2284 1298 2359 Atta-

200 2412 284 2459 men
304 2385 397 2486 leges
416 2388 583 2489 posticae
609 2388 715 2489 vulgo
745 2414 812 2490 pro
835 2390 1038 2461 arbitraria
1059 2387 1297 2489 accipiuntur,

200 2513 294 2589 qnae
313 2488 366 2561 ita
385 2505 609 2606 comparatae
628 2491 815 2585 dicuntum,
847 2504 888 2575 ut
907 2491 1056 2563 rationis
1076 2489 1142 2563 usu
1163 2487 1211 2561 ab
1229 2484 1300 2562 ho-

198 2590 299 2663 mine
313 2590 477 2690 cognosci
490 2608 525 2665 et
539 2589 795 2692 comprehendi
810 2606 996 2692 nequeant.
1045 2592 1164 2665 Deum
1178 2604 1298 2671 autem

200 2689 340 2790 aliquid
359 2717 527 2765 emmeno
545 2694 695 2766 arbitrio
717 2691 927 2767 constituere
942 2686 996 2789 (§.
1018 2705 1051 2765 7.
1080 2689 1152 2789 h),
1178 2691 1300 2764 nami·

198 2793 259 2870 nis
275 2791 395 2883 ideae,
426 2816 449 2864 a
469 2794 668 2867 rationibus
686 2792 925 2868 humanorum
940 2793 1181 2894 legislatorum
1199 2791 1300 2866 iudi-

202 2919 356 2993 cumque
372 2895 517 2966 omnino
533 2893 780 2988 secernendae,
805 2896 946 2999 prorsus
960 2908 1135 2997 repugnat
1147 2892 1192 2993 ⁶).
1240 2894 1300 2967 Si·
1375 2922 1376 2927 ¹

202 2992 284 3069 mili
303 2992 439 3068 ratione
461 3010 496 3068 et
519 2998 693 3096 praenua,
726 3023 818 3097 quae
840 2996 921 3072 sunt
943 2996 1040 3071 bona
1062 3022 1146 3070 cum
1165 2996 1301 3069 virtute

203 3095 261 3169 vel
283 3111 421 3167 externe
446 3098 503 3169 vel
526 3104 660 3171 interae
685 3100 895 3191 coniuncta,
935 3113 971 3170 et
993 3122 1125 3198 poenae
1152 3094 1178 3171 s.
1205 3096 1302 3169 mala
1375 3180 1376 3201 χ

203 3220 288 3272 cum
306 3213 451 3298 peccato
467 3198 525 3270 vel
540 3216 679 3271 externe
698 3198 756 3272 vel
772 3206 904 3273 interne
924 3222 1103 3292 connexa,
1128 3196 1301 3271 dividun-

202 3310 264 3371 uu
287 3299 327 3371 in
353 3304 555 3389 naturalia,
596 3325 688 3402 quae
714 3326 761 3373 ex
786 3301 861 3413 ipse
885 3300 1062 3374 factorum
1086 3299 1207 3375 indole
1237 3300 1302 3373 sua

203 3394 326 3502 sponte
343 3403 575 3501 proveniunt,
601 3419 636 3477 et
651 3406 805 3498 pofitivn
817 3400 864 3501 ὅ).
918 3400 1074 3477 Omnino
1090 3416 1125 3479 et
1141 3402 1302 3503 praemia

203 3517 240 3576 ct
257 3527 390 3603 poenae
409 3501 464 3576 ibi
486 3518 624 3577 tantum
645 3502 765 3577 locum
786 3502 918 3577 habere
939 3500 1098 3605 possunt,
1132 3500 1200 3575 ubi
1218 3502 1303 3619 quis

203 3629 309 3678 verus
332 3620 394 3677 aut
415 3605 557 3679 virtutis
580 3620 642 3678 aut
664 3605 803 3707 peccati
833 3620 975 3697 auctor,
1014 3604 1144 3679 mentis
1167 3602 1303 3678 scilicet

203 3731 350 3806 compos
370 3731 412 3779 ac
429 3704 540 3799 liber,
565 3707 713 3784 exstitit.
764 3704 847 3780 Alio
868 3706 1024 3808 quodam
1043 3703 1145 3789 sensu
1236 3728 1303 3777 naa

200 3811 372 3904 pofitivae
386 3808 555 3881 dicuntur
569 3836 649 3901 eae,
675 3808 809 3907 quihus
824 3807 989 3909 improbo
1006 3807 1141 3880 mesum
1155 3730 1304 3907 aiiiiuod

204 3908 405 4010 efligies,
424 3912 600 4012 oppositae
618 3914 831 4006 privativis,
856 3909 989 4009 quilius
1004 3908 1144 3983 bonum
1156 3904 1304 4007 aliquod

204 4008 436 4086 [ubuairinu.
498 4012 634 4087 lustitia
659 4012 782 4087 divina
807 4024 900 4085 recte
925 4010 1057 4085 dicitur
1080 4015 1304 4107 patuerim,

205 4127 378 4209 quarens
393 4113 598 4211 Ducenda
613 4112 788 4214 quaedem
809 4110 1016 4195 houuuilms
1037 4112 1229 4213 infligendo
1243 4134 1305 4189 ece
