2792 4759
121 369 182 437 De
194 366 312 436 divino
323 363 402 460 inst.
412 361 553 454 salutis
564 364 662 432 dume
669 381 740 454 per
750 363 781 432 Ι.
794 361 877 434 Odr-
896 365 1126 451 reparandae.
1151 375 1228 440 ηε)
1333 397 1334 402 ¹

114 563 163 614 'ac
182 538 282 640 turpi
301 534 481 639 ¹lupplioio
504 532 673 628 effectu,
707 531 866 611 desertus
885 533 933 612 ab
948 533 1135 636 omnibus,
1155 539 1227 614 'in—

115 659 172 716 ter
195 635 426 714 atrociffimus
450 637 592 726 dolores
612 651 649 711 et
666 638 849 738 graviores
873 639 988 714 animi
1012 635 1225 716 lblliciutdir

114 772 180 822 nes
200 744 294 819 vitae
313 738 575 814 honestiffimae
595 754 818 840 praemature
839 755 980 860 ereptus
1002 738 1155 842 ideoque
1175 769 1222 815 ex

110 845 346 922 inimicorum
370 841 549 919 calumnia
569 842 736 916 meritam
758 840 920 918 ciirnims
948 865 1100 942 poenam
1119 841 1222 918 tune

111 947 213 1020 visus
227 942 278 1020 'elt
292 942 342 1045 ⁸).
392 941 499 1034 Quod
515 967 600 1016 vero
618 941 750 1018 statum
768 943 1009 1044 gloriollorem
1022 941 1099 1017 Iel'u
1110 941 1221 1020 ‘Chli-

111 1050 161 1125 ni
183 1048 333 1136 attinet,
374 1043 513 1118 nullum
539 1043 697 1118 iudicem
726 1065 952 1147 aequumne
981 1043 1036 1120 rei
1063 1046 1221 1148 peritum

111 1151 250 1250 fugiet:
291 1144 468 1245 dogmatis
491 1145 534 1219 de
555 1143 700 1220 Christi.
715 1143 894 1222 abituad
910 1147 1047 1242 'inferos
1067 1174 1116 1248 est
1131 1151 1219 1250 opi-

112 1250 288 1327 nionibus
309 1247 464 1321 Iudaicis
486 1246 686 1321 illustrandi
702 1246 737 1352 ⁵)
758 1247 941 1338 uodonem
965 1274 987 1322 a
1009 1240 1219 1330 doctoribus
1273 1243 1281 1258 ⁶

115 1341 355 1428 eccleliasticis
381 1348 550 1422 sancitam
577 1349 617 1423 in
644 1347 750 1422 libris
768 1349 806 1426 11.
831 1339 960 1423 frustra
981 1352 1130 1451 'quaeri;
1167 1351 1218 1425 ''de

115 1477 265 1555 corpore
286 1448 417 1525 Christi
436 1452 476 1524 in
495 1451 609 1524 vitam
626 1449 780 1528 restituti
792 1449 997 1554 'glorificato
1018 1477 1065 1528 ex
1086 1450 1216 1528 iisdem

109 1556 170 1631 nil
184 1551 344 1629 multam
364 1548 481 1649 (Luc.
498 1560 559 1645 24,
580 1564 638 1630 15.
674 1552 861 1645 80,8911“.
902 1551 1144 1654 10.-ao,25.)
1169 1553 1215 1654 ‘),

109 1655 275 1758 quamvis
295 1654 338 1728 in
360 1652 604 1728 confirmanda
628 1655 832 1730 narratione
858 1655 903 1730 de
926 1653 1003 1728 Iel'u
1027 1655 1147 1728 reditu
1175 1659 1216 1731 in

107 1759 239 1850 vitam,
263 1756 478 1855 quiaDeo,
511 1769 659 1832 neumae
679 1755 823 1833 curltmt
843 1782 1053 1856 rerumque,
1086 1759 1215 1858 aqui-

102 1861 178 1932 bus
199 1859 335 1934 victrix
358 1855 437 1930 lesu
458 1855 563 1930 caula
585 1857 776 1958 penderet,
814 1857 943 1934 seriem
963 1857 1213 1959 [apientillime

102 1959 336 2052 moderante,
377 1971 475 2031 recte
505 1961 545 2032 r'e
571 1961 681 2055 etitar
698 1958 762 2058 ί),
805 1985 926 2035 omnes
952 1963 1032 2035 ’fere
1048 1995 1051 2005 ·
1065 1961 1212 2036 cousen-

100 2064 197 2138 'tiant
213 2060 267 2160 ‘);
297 2055 489 2133 'disceffum
507 1983 586 2134 lein
605 2085 628 2132 a
648 2061 833 2164 discipulis
845 2064 928 2137 'alio‘
945 2060 1052 2137 m'odo
1073 2063 1168 2137 tradi
1190 2091 1211 2138 a

100 2167 231 2245 Marco
251 2177 287 2237 et
303 2161 405 2236 Luca
425 2187 637 2263 onmemque
657 2159 752 2236 hauc
773 2167 1031 2260 narrationem,
1066 2193 1087 2238 a
1110 2162 1209 2240 n‘ullo

102 2265 274 2366 Apostolo
297 2263 565 2358 confimulffl,
604 2290 679 2353 20¹1
702 2263 769 2342 m'fi
794 2258 1096 2368 mytbi'lpeciem
1122 2254 1209 2366 prae

104 2368 141 2441 l'e
161 2367 277 2459 ferre,
310 2366 415 2439 cuius
467 2365 547 2438 lum
575 2367 615 2440 in
640 2391 730 2440 aevo
756 2369 953 2468 antiquiori
979 2369 1209 2470 reperiuntur

106 2467 274 2569 exempla
288 2465 348 2564 s),
373 2393 605 2569 eundemque
617 2469 709 2542 forte
730 2495 778 2542 ex
799 2469 906 2542 dictis
927 2469 1206 2544 nonnullislel'u

103 2569 324 2670 allegoricis,
361 2569 419 2663 vel
441 2595 461 2642 e
484 2570 590 2643 certis
611 2569 830 2671 quibusdam
858 2570 1071 2670 περιστάσεσιν
1096 2571 1206 2668 ipsius

99 2671 270 2747 secelsum
292 2669 546 2746 comitantibus
567 2669 724 2774 sequiori
745 2671 889 2746 demum
908 2686 1068 2774 tempore
1090 2671 1205 2746 infor-

98 2789 239 2848 matum
262 2769 328 2872 elle
345 2771 403 2870 t);
436 2772 628 2848 formulam
649 2773 694 2848 (le
718 2771 857 2848 Christo
880 2771 927 2865 ad
948 2773 1206 2874 eleutrum-,Dei

95 2876 240 2952 sedente
252 2902 274 2948 e
287 2901 389 2950 more
402 2874 574 2974 loquendi
593 2875 638 2951 de
656 2902 783 2976 regum
794 2876 972 2952 ministris
991 2871 1062 2972 (cf.
1084 2875 1203 2976 1Reg.

97 2993 231 3070 22,19.
258 2976 314 3050 Pl.
327 2991 410 3070 110,
423 2976 497 3076 1.),
524 2977 571 3050 ad
585 2977 746 3052 Melfiam
757 2979 963 3054 translatam
979 2975 1063 3070 elle,
1090 2994 1128 3052 et
1146 2977 1204 3050 iu-

97 3079 240 3154 dicium
247 3077 467 3172 Medianum,
488 3079 581 3152 infra
594 3079 741 3153 uberius
756 3076 1201 3188 illrdtramlum(§.199.),

97 3181 148 3254 ab
163 3180 244 3255 lesu
264 3179 338 3284 ipso
360 3181 498 3282 duplici
515 3181 651 3256 ratione
669 3185 814 3284 exponi.
843 3181 913 3280 (Io.
931 3197 966 3276 3,
985 3192 1041 3260 17.
1070 3195 1127 3260 18.
1167 3193 1202 3276 5,

102 3299 147 3360 21
165 3280 227 3383 ll.)
284 3283 426 3376 Quibus
447 3283 539 3357 bene
561 3284 772 3377 intellectis,
813 3283 929 3359 onmis
950 3283 1016 3368 issa
1038 3278 1203 3363 doctrina

97 3386 229 3465 rustris
249 3385 473 3486 temporibus
491 3382 562 3459 hoc
584 3386 690 3460 modo
714 3389 848 3488 optimc
869 3386 915 3459 ad
938 3386 1114 3488 populum
1128 3388 1203 3460 ›do-

99 3487 253 3561 cendum
274 3502 310 3560 et
329 3485 545 3560 hortandum
560 3489 746 3561 transferri
767 3487 860 3590 poss'e
881 3489 1042 3584 videtur,
1074 3505 1116 3562 ut
1131 3491 1201 3562 sm-

98 3589 192 3687 gulis
213 3591 291 3663 eius
311 3590 519 3682 momentis,
555 3590 600 3663 ad
625 3591 882 3690 agnoscemlam
905 3591 993 3685 Dei,
1029 3593 1101 3665 sata
1123 3590 1201 3664 lesu

99 3691 235 3764 eximio
259 3690 368 3774 modo
390 3695 546 3766 curantis
572 3694 767 3792 potentiam
789 3692 1068 3794 sapientiamque
1092 3708 1127 3765 ct
1154 3691 1201 3764 ad

98 3792 204 3865 ulum
224 3793 396 3869 moralem
418 3792 613 3893 prudenter
633 3791 827 3888 adhibitis,
862 3795 898 3877 iu
914 3793 1121 3870 univerlrmt
1135 3793 1200 3867 de-

97 3893 344 3988 monstretur,
364 3895 479 3969 Iel'um
498 3896 623 3996 iniqua
645 3910 681 3968 et
703 3896 882 3972 immerita
905 3899 998 3972 l'orte
1025 3899 1064 3970 in
1092 3895 1199 3970 terris
1253 3915 1257 3922 ·

94 3997 324 4096 persmmtum
344 3998 392 4070 ob
411 3998 560 4100 insignia
579 3999 624 4071 de
645 4025 772 4098 gerrem
788 3998 946 4074 humano
964 4001 1092 4071 turrita
1110 4023 1199 4072 con-

93 4098 233 4172 ditione
261 4099 458 4174 lnntil'fima
486 4100 741 4201 postmortem
772 4129 793 4175 a
819 4105 894 4175 llco
924 4101 1199 4176 corulecuratum

94 4197 182 4295 effe,
215 4199 369 4278 bacina
388 4203 497 4302 iplius
519 4205 609 4277 l'orte
631 4206 783 4278 univcrli
803 4205 941 4306 gutturis
957 4201 1105 4278 humani
1127 4232 1199 4280 nou
