2792 4759
188 365 259 452 tho
385 378 649 468 Prolegomeno.
701 372 817 467 Caput
841 373 912 443 ΠΙ.
961 363 994 466 §.
1024 382 1083 444 2⁹.

188 552 403 649 turaliflicas
423 537 468 624 ct'
480 555 641 647 deissicau
656 547 692 648 ⁴)
717 563 751 621 et
774 573 838 649 per
858 544 1098 634 emendatam,
1134 541 1291 616 Erne-

187 651 279 729 stio
299 669 334 727 et
351 652 575 745 Scmlero,
607 652 673 751 qui
693 665 729 724 et
750 649 931 724 universae
953 643 1150 746 theologiae
1167 639 1290 720 histo-

185 757 283 830 ricae
303 780 431 828 novam
451 754 569 827 lucem
588 751 726 844 attufit,
759 750 976 853 potisshnum
991 747 1214 838 auctoribus,
1240 745 1285 822 ll.

184 857 362 932 ttbmmm
396 857 451 928 int
514 857 722 928 rotationem
759 853 908 953 aliisque
941 851 988 922 de
1022 849 1154 941 causis,
1196 849 1286 922 inde

184 956 328 1032 asexto
354 957 461 1030 seculi
500 956 675 1058 uperioris
702 955 892 1048 decennio,
930 950 1103 1052 theologis
1133 949 1286 1052 quidem

184 1056 284 1156 haud
338 1061 435 1132 aucis
455 1055 574 1131 adhuc
602 1057 881 1158 repugnantibus
903 1053 954 1154 s),
994 1051 1154 1128 universa
1176 1049 1284 1126 theo-

185 1163 281 1261 logia
303 1086 425 1235 diutim
449 1185 579 1234 novam
599 1161 778 1260 quandam
799 1159 1049 1256 laetioremque
1069 1155 1198 1228 faciem
1219 1156 1280 1228 in-

156 1315 161 1323 ·
183 1264 303 1339 (luerit
319 1265 465 1362 eiusque
480 1261 715 1334 institutiones
730 1263 837 1334 etiam
849 1259 1069 1359 dogmaticae
1086 1259 1199 1357 magis
1216 1281 1280 1330 ac-

184 1366 409 1440 commodate
436 1363 482 1436 ad
508 1362 701 1464 scripturae
722 1362 746 1435 s.
770 1361 895 1454 effata,
929 1387 1011 1434 cunt
1034 1358 1117 1432 sana
1140 1361 1281 1434 ratione

182 1481 251 1541 aut
268 1488 352 1540 tere
374 1466 602 1540 consentanea
623 1480 684 1537 aut
706 1463 899 1538 consentire
920 1461 1013 1554 visa,
1039 1461 1281 1536 conformatae

184 1568 318 1642 suerint
333 1565 388 1665 h).
448 1566 528 1659 Quo
548 1565 643 1639 'sacto
668 1565 735 1667 ipli
761 1565 878 1640 theolo
903 1563 917 1636 i
943 1565 1169 1657 recentiores,
1208 1568 1279 1662 qui

185 1669 421 1746 orthodoxiae
444 1669 573 1741 veteris
595 1667 746 1770 speciem
795 1694 854 1740 rae
876 1593 909 1739 dc
932 1665 1113 1758 serebant,
1151 1665 1279 1766 puhli-

184 1797 266 1848 cam
288 1769 436 1870 quidem
457 1768 656 1843 doctrinam
685 1769 731 1842 ad
773 1769 949 1870 sripturae
973 1767 996 1842 s.
1027 1767 1144 1868 potius
1168 1793 1280 1867 argu-

185 1888 363 1964 mentum,
399 1895 511 1971 quam
538 1871 585 1944 ad
611 1871 786 1945 librorum
811 1869 1087 1964 symholicorum
1115 1895 1279 1942 normam

182 1988 407 2064 revocantes,
444 1972 545 2044 vario
568 1973 675 2047 modo
696 1973 776 2074 plus
802 1973 964 2045 ntinusve
985 1971 1031 2044 ah
1050 1971 1110 2043 illa
1132 1968 1279 2046 recelle-

180 2090 268 2151 nmt
282 2073 331 2172 ⁸).
385 2073 694 2167 Quemadmodum
709 2073 935 2176 philosophia
950 2077 1142 2163 Eclectt'ca,
1168 2077 1280 2146 Leib-

184 2178 536 2270 nitio-Wolfianam
552 2173 604 2273 ⁰),
631 2201 722 2276 quae
743 2175 788 2248 ad
808 2176 959 2250 sormam
975 2177 1187 2276 dogmaticos
1206 2201 1278 2276 po-

178 2278 353 2354 tiffinum
365 2279 573 2352 mutandam
589 2276 751 2350 adhibita
767 2277 833 2369 est,
856 2277 971 2351 secuta
985 2277 1041 2376 Ρ),
1062 2279 1109 2350 ita
1124 2293 1159 2350 et
1167 2281 1274 2348 Kan-

180 2379 352 2479 tierent),
385 2403 476 2482 quae
491 2379 686 2482 plurimum
700 2380 813 2453 valuit
826 2379 872 2451 ad
887 2383 1034 2454 criticen
1052 2377 1276 2482 philosophi-

179 2508 262 2558 cam
279 2483 452 2557 acriorem
468 2482 736 2580 solidioremque
756 2483 970 2581 dogmaticos
989 2507 1071 2556 cum
1088 2479 1202 2555 ethice
1217 2505 1277 2553 ar-

180 2585 544 2688 tttisslmciungcndae
566 2583 838 2684 expolitionem,
871 2583 917 2656 ad
932 2582 1130 2686 theologiae
1146 2581 1272 2658 Christ.

177 2689 284 2761 'usum
296 2743 306 2778 ‚
348 2685 526 2760 nonnullis
555 2685 673 2756 tame‘n
703 2688 751 2758 im
779 2685 988 2759 roltantihns
1011 2683 1064 2783 '),
1105 2685 1272 2758 translata

178 2789 252 2878 clt3
279 2811 394 2885 neque
408 2787 617 2878 defuerunt,
643 2788 707 2886 qui
723 2708 984 2888 philosophiam
1003 2785 1184 2886 quandam
1204 2813 1273 2860 nu-

174 2904 242 2989 'pcr
256 2888 485 3003 propositam,
507 2892 746 2983 Idealiflicam
760 2889 910 2980 dictam,
929 2889 1038 2961 variis
1052 2889 1200 2990 quidem
1214 2911 1273 2964 ra-

173 2987 337 3062 tionalius
352 2989 424 3082 ufi,
450 2989 496 3060 ad
511 2986 714 3160 'theologiae
734 2987 989 3064 institutionem
1011 2991 1191 3092 applicare
1210 3019 1272 3066 co-

174 3105 364 3183 narentur,
404 3091 510 3179 adeo,
549 3105 592 3162 ut
618 3091 767 3190 purimi
789 3117 932 3185 eorum,
970 3091 1114 3165 servatis
1142 3097 1272 3168 veteris

172 3190 380 3292 disciplinae
397 3191 521 3264 formis
537 3215 579 3264 ac
594 3191 850 3284 locutionibus,
882 3216 1014 3267 novum
1035 3209 1070 3267 et
1089 3211 1191 3269 antea
1213 3199 1272 3271 in-

171 3291 336 3367 auditum
365 3291 503 3373 sentium
528 3294 573 3366 iis
598 3293 811 3368 subiicerent
829 3293 875 3392 ⁸).
934 3293 1175 3374 Veruntamen
1207 3327 1274 3376 ne-

171 3409 243 3498 ’qne
272 3393 350 3488 illi,
390 3421 505 3568 neglige
535 3395 598 3467 alii
610 3452 621 3488 ‚
663 3397 727 3495 qui
757 3396 815 3469 ve'l
842 3398 1043 3497 cognitione
1071 3401 1272 3502 exegeseos,

170 3494 338 3570 historiae
357 3519 399 3568 ac
418 3523 443 3597 p
476 3493 664 3597 'osophiae
682 3513 847 3572 accurata
863 3496 1037 3594 destituti,
1067 3502 1125 3574 vel
1142 3511 1270 3600 μισολο-

168 3607 225 3693 istc
247 3597 402 3699 quadum
422 3595 539 3690 ducti,
571 3623 714 3672 omnem
735 3599 933 3674 doctrinam
958 3601 1004 3675 do
1066 3606 1195 3678 uticam
1220 3605 1270 3679 ad

168 3715 329 3773 tetecum
350 3695 597 3799 theologorum
613 3701 754 3774 decreta
772 3701 908 3776 dudum
926 3629 1113 3806 prodigiam
1134 3723 1267 3782 temere

166 3813 334 3877 revocare
356 3793 584 3893 studuerunt,
619 3802 764 3875 suorum
788 3819 978 3878 conantum
1005 3796 1181 3882 rationem
1205 3831 1267 3884 ae-

166 3915 184 3926 ”
216 3905 229 3919 ”
279 3903 409 3978 harum
442 3922 563 3976 rerum
595 3903 777 3978 iudicibus
810 3905 962 4005 probare
996 3923 1189 4008 potuerunt
1212 3913 1263 4011 ⁸).

238 4007 324 4077 nino
345 4007 419 4078 iam
438 4031 479 4077 eo
497 4021 707 4105 perventum
722 4003 788 4099 est,
815 4021 855 4078 ut
870 4009 1006 4082 nol'trae
1022 4015 1146 4086 aetatis
1161 4011 1265 4087 theu-

160 4103 235 4202 logi
256 4105 359 4203 lunge
405 4107 530 4178 lurimi
551 4121 657 4285 angue
678 4105 867 4182 doctissimi
888 4133 971 4182 cunr
987 4115 1103 4185 omnis
1117 4099 1264 4214 ieligio-

160 4203 236 4291 tiis,
263 4217 348 4275 tum
411 4207 567 4303 eulogiae
613 4209 787 4307 angulatim
807 4211 1027 4308 dogmaticae
1049 4212 1265 4289 fundamen-
