2792 4759
127 1211 130 1217 ’
265 1211 988 1325 auouueonuua

492 1576 689 1635 aanor
734 1579 761 1635 1.
1249 1656 1257 1671 Ι

355 1720 437 1794 DE
493 1718 903 1807 RELIGIONE

576 1932 609 2036 §.
642 1950 673 2013 1.

217 2094 534 2186 Religionis
579 2095 727 2165 notio
770 2094 1038 2190 historicos
1172 2159 1175 2167 .

72 2218 257 2367 Nullam
279 2293 353 2367 lere
371 2291 402 2387 ⁶)
420 2276 488 2367 'aut
509 2288 610 2387 suilla
632 2307 695 2367 aut
719 2290 785 2367 elle
808 2294 1006 2470 refferimus
1026 2306 1179 2394 gentem,

76 2395 150 2469 uili
168 2392 261 2467 forte
283 2395 392 2467 luerit
412 2396 632 2469 immanitate
655 2393 839 2497 proriuse
869 2411 986 2487 erata,
1020 2394 1110 2492 quin
1133 2392 1181 2467 ad

78 2518 219 2570 numen
234 2494 376 2592 aliquod
392 2492 537 2569 homine
551 2496 713 2597 superius
731 2512 827 2570 certo
842 2498 949 2571 modo
966 2493 1182 2592 coguoscen-

78 2594 171 2673 dum
194 2608 231 2667 at
258 2620 303 2667 ne
324 2594 507 2671 colendum
528 2612 648 2672 evecta
669 2594 708 2672 h.
726 2624 756 2671 e.
774 2597 839 2671 re'
865 2596 959 2670 iouis
974 2593 1027 2687 l),
1053 2616 1182 2693 quam-

77 2700 134 2773 via
154 2698 216 2771 inc
258 2711 330 2789 tae,
367 2696 523 2773 seufilius
548 2712 585 2772 et
608 2698 817 2773 notionibus
865 2696 1052 2790 timbuta.
1111 2694 1183 2769 Co-

77 2798 245 2903 gnoscere
270 2824 402 2872 numen
425 2798 578 2874 dicimus
600 2826 704 2895 eum,
746 2800 849 2874 cuius
877 2797 992 2873 menti
1018 2794 1183 2873 inhaeret

77 2903 177 2978 notio
194 2900 370 3001 quaedam
392 2899 436 2975 de
456 2916 582 2975 natum
601 2900 843 3001 qualicunque
857 2900 997 2973 virilius
1011 2898 1184 2987 instructa

76 3002 254 3079 humanas
277 3001 545 3103 superantibus,
583 3028 693 3103 quam
715 3027 840 3075 revera
860 2999 927 3075 effe
947 3001 1016 3074 libi
1036 2998 1183 3102 perlua-

78 3106 156 3180 lum
176 3101 307 3195 habet,
341 3118 376 3175 ot
397 3100 441 3176 de
462 3105 600 3177 ratione
623 3103 779 3203 quadam
800 3102 864 3176 leu
883 3102 1050 3195 vinculo,
1082 3099 1183 3203 quod

76 3202 275 3283 interuedat
296 3218 461 3277 naturam
481 3204 581 3279 illam
606 3206 701 3279 inter
721 3220 756 3279 et
773 3202 960 3279 homiuem
979 3219 1183 3305 ceterasque

75 3334 132 3385 rea
156 3304 323 3381 sensuum
344 3330 410 3403 ope
433 3306 679 3405 percipiendas
700 3305 742 3398 ι).
795 3305 917 3379 Colere
937 3330 1023 3379 vero
1049 3330 1185 3379 numen

75 3410 212 3485 dieitur
231 3406 313 3499 ille,
353 3408 418 3506 qui
440 3408 554 3479 animi
575 3405 693 3480 sensus
715 3422 752 3481 et
771 3406 865 3480 laeta
890 3407 938 3479 ad
958 3404 1030 3479 hoc
1050 3430 1184 3479 numen

74 3511 209 3587 referre
234 3506 361 3581 studet.
421 3506 562 3601 Quibus
593 3508 733 3608 positia,
775 3508 958 3609 religionis
988 3510 1181 3599 notionem,

105 3612 222 3685 nalem
243 3606 394 3682 historia
439 3610 575 3683 entium
596 3608 702 3682 nohis
722 3608 942 3711 suppeditat,
973 3610 1013 3684 iu
1035 3609 1184 3684 univer-

75 3640 159 3799 ium
180 3710 230 3783 ito
249 3709 400 3785 definire
413 3634 528 3804 iicet,
561 3724 603 3783 ut
626 3708 689 3785 ilia
708 3710 752 3785 fit
775 3716 899 3786 medua
920 3728 1034 3784 eertuo
1055 3736 1183 3782 auom

78 3818 316 3913 qualecunque
330 3813 562 3908 cognoscendi
577 3828 683 3907 atque
697 3818 855 3901 colendi3
884 3814 980 3889 unde
998 3810 1183 3909 religionis

77 3932 199 4020 perrea
215 3912 475 3988 constituuntur
493 3920 681 3985 theoretico
696 3915 841 4015 (religio
855 3918 1063 3995 theoretica,
1088 3934 1183 4013 quaa

77 4018 150 4094 iola
166 4021 365 4111 cognitione
385 4016 543 4089 numinis
564 4016 610 4089 ad
626 4013 810 4091 hominem
829 4018 933 4090 relati
949 4012 1183 4110 continetur),

78 4134 112 4195 et
129 4124 295 4217 practico
321 4117 465 4219 (religio
485 4116 700 4217 practico&
727 4116 754 4194 i.
777 4123 892 4192 cultui
912 4114 1110 4237 numinis),
1141 4116 1184 4196 in
