2792 4759
210 1104 599 1194 THEOLOGIAE
638 1107 1030 1198 DOGMATICAE

518 1287 544 1342 r
559 1288 584 1343 a
598 1287 628 1344 n
643 1287 663 1344 a
696 1291 723 1346 t.

74 1451 128 1526 De
149 1448 397 1552 scriptura
419 1445 574 1540 saorra,
599 1445 854 1547 religionis
880 1447 1177 1536 Christianae-

130 1568 265 1643 sonte
288 1567 550 1670 ¹primario,
591 1565 786 1666 eiusque
818 1569 1107 1647 auctoritate
1188 1625 1191 1632 .

530 1679 706 1758 divina.
1108 1681 1111 1690 ’

479 1916 685 1972 Garun
729 1919 755 1973 1.

237 2037 299 2106 DE
328 2035 572 2104 SCRIPTURA
598 2035 631 2103 S.
659 2036 706 2104 IN
732 2038 992 2110 UNIVERSUM.

554 2235 676 2338 §.aa
883 2333 887 2342 ,

271 2397 276 2408 ’
355 2392 500 2466 Notio
530 2391 875 2486 scripturaes.

74 2503 273 2675 Scriptura
294 2571 319 2648 s.
340 2573 373 2675 ¹)
396 2574 448 2649 est
470 2573 679 2676 complexus
702 2571 880 2648 librorum
902 2575 1084 2675 religionis
1105 2581 1169 2654 Iu}

72 2679 194 2751 deicae
212 2692 248 2751 et
263 2674 478 2752 Christianae
497 2677 698 2751 doctrinam
718 2690 824 2775 atque
844 2674 1029 2751 historiam
1051 2685 1168 2756 oouti-

72 2781 245 2873 nentium,
279 2781 344 2879 qui
363 2780 502 2852 Veteris
523 2792 558 2850 et
579 2779 674 2850 Novi
688 2777 907 2850 Testamenti
925 2777 1110 2884 (διαθῆκης)
1130 2783 1165 2884 ⁵)

74 2884 206 2956 nomine
223 2881 389 2982 inscripti
402 2881 494 2954 sunt.
536 2880 621 2953 Pars
637 2881 739 2981 prior
755 2905 814 2952 eos
830 2879 941 2954 libros
958 2885 1167 2985 complecti-

74 2997 142 3076 tur,
167 3011 256 3086 quos
271 2983 425 3084 populus
439 2979 653 3056 Israeliticus
668 2984 741 3056 iam
756 2995 835 3054 ante
851 2981 1032 3058 Christum
1049 2985 1165 3067 ,sacros

74 3081 191 3162 habuit
221 3112 382 3187 quosque
412 3083 543 3156 dividit
564 3081 597 3181 ⁶)
628 3084 668 3156 iu
693 3081 974 3160 Pentateuchum
1003 3085 1164 3190 (mli-l),

72 3187 256 3289 Prophetas
278 3183 471 3296 (ῠῖςᾞξ)
494 3184 530 3284 ¹)
556 3200 592 3258 et
612 3183 866 3285 Hagiographa
888 3185 910 3286 (
917 3200 1063 3280 021th
1072 3173 1113 3264 Yi.
1131 3219 1162 3268 o.

72 3286 191 3391 scripta
213 3291 262 3364 sc.
283 3286 429 3386 luera);
468 3313 551 3388 pars
579 3287 752 3390 posterior
773 3287 902 3388 scripta
925 3277 1163 3387 ea'oon'tioet,

73 3415 153 3488 quae
174 3392 223 3464 ah
244 3391 423 3492 Apostolis
453 3390 477 3463 s.
501 3389 685 3489 religionis
710 3386 930 3464 Christianae
954 3391 1163 3470 doctoribus

72 3491 243 3568 aCltristo
265 3492 341 3593 ipso
365 3491 552 3591 designatis
579 3491 780 3592 primariis,
818 3505 852 3564 et
872 3493 1105 3593 Evangelistis
1127 3494 1160 3596 ‘)

73 3595 250 3694 composita
263 3592 468 3696 supersunt,
495 3593 621 3667 seculis
635 3593 819 3694 prioribus
835 3591 873 3666 ri
887 3595 1064 3688 rimatur
1079 3595 1106 3670 s.
1122 3595 1162 3670 το“

75 3693 255 3783 tinnabula
271 3711 307 3768 et
323 3699 339 3769 ὁ
354 3694 525 3778 iniuratus
541 3693 567 3766 s.
584 3693 623 3768 τδ
636 3695 839 3768 οἱποοτολοκδν
855 3693 902 3770 le.
918 3696 1080 3790 οοόοοογμο
1094 3723 1162 3770 no-

73 3794 197 3868 minata
211 3795 267 3898 s),
309 3796 462 3897 quihus,
500 3812 672 3896 tanquam
693 3797 878 3898 appendix
886 3853 896 3891 ,
928 3797 1161 3900 Apocalypsis

70 3893 199 3974 loannis
221 3901 344 3973 addita
366 3900 427 3973 est.
478 3899 601 3972 Postea
620 3923 705 3970 vero
727 3899 768 3974 V.
788 3899 834 3974 T.
858 3925 878 3972 a
901 3914 1001 4002 parte
1020 3901 1160 4002 potiore

70 4001 154 4088 Iex,
185 4001 232 4076 N.
250 4003 299 4076 T.
318 4007 556 4098 Evangelium
571 3998 626 4099 ⁸),
660 4014 696 4072 et
718 4016 929 4102 utrumque,
958 4003 1069 4072 Verbi
1086 4007 1161 4076 Di·

69 4105 133 4173 viai
147 4105 314 4198 nomine,
340 4131 412 4176 non
427 4104 509 4175 satis
525 4117 606 4203 apte
622 4101 788 4202 quidem,
815 4101 1032 4202 appellatum
1046 4101 1096 4180 est
1110 4103 1161 4205 ¹¹),

67 4206 140 4302 quia
156 4235 234 4284 non
246 4205 461 4310 'universum
474 4204 671 4307 scripturae
685 4203 712 4278 s.
729 4217 980 4306 argumentum
999 4231 1083 4282 vere
1103 4207 1162 4284 tli-

735 4307 772 4388 H
