2792 4759
128 312 183 380 De
195 312 319 379 divino
335 307 415 400 inst.
423 304 563 398 salutis
574 305 671 374 bum.
682 329 751 398 per
763 309 793 376 1.
807 307 888 376 Cbr.
905 311 1131 402 reparandae.
1160 321 1230 399 371

122 483 296 582 ximeque
309 477 469 582 duplicis
484 477 708 578 genealogiae
723 475 864 582 losephi
873 537 884 574 ‚
910 483 977 586 qui
994 491 1112 560 tamen
1130 494 1232 588 poter

122 584 199 657 lesu
221 581 325 656 titisse
347 595 519 680 negatur,
551 578 771 655 abtutthaeo
792 598 824 676 1,
843 599 875 660 t.
900 599 936 658 et
956 585 1056 660 Luca
1074 601 1109 673 t,
1128 603 1172 664 28
1191 587 1229 666 ss.

122 684 310 758 exhibitae
324 683 373 782 ¹)
416 682 587 774 Accedit,
610 683 708 784 qumi
724 709 842 786 neque
856 686 950 760 Iesus
965 713 1143 788 unquam,
1167 719 1230 766 ne-

122 815 192 888 que
203 789 371 879 Ioannes,
392 783 619 886 quiquidem
633 785 859 860 certissmram
874 786 983 862 huius
997 791 1050 863 rei
1063 793 1228 868 notitiam

119 889 252 963 afferre
265 883 430 989 posuisset
446 883 594 985 (tn-19,
615 885 716 986 27),
744 914 858 988 neque
874 890 967 966 alius·
979 891 1168 996 Apostolus
1182 895 1229 970 ad

120 993 306 1091 originem
317 989 422 1062 istam
435 987 513 1062 lesu
526 989 775 1063 miraculosam
788 993 1006 1091 provocavit.
1053 995 1128 1070 Imo
1146 999 1227 1071 Mn·-

119 1095 177 1167 ria
193 1087 387 1193 Iosephum
399 1106 538 1192 patrem
550 1090 628 1164 Iesu
643 1090 837 1191 appellavit
852 1090 960 1190 (leuc.
972 1111 1006 1187 2,
1018 1095 1112 1198 28.),
1129 1099 1227 1200 quod

121 1195 223 1269 lesus
239 1219 381 1293 quoqne
394 1194 476 1266 data
493 1194 758 1294 opportunitate
777 1195 928 1270 minime
946 1195 1134 1298 denegavit
1154 1199 1224 1298 (lo.

124 1312 164 1389 7,
188 1294 290 1395 27),
328 1310 363 1368 et
384 1294 514 1367 Paulus
540 1293 659 1394 ipsum
681 1303 720 1370 te
739 1307 916 1391 σπόρματος
936 1297 1039 1374 neate·
1066 1301 1227 1400 genitum

125 1397 195 1471 esse
211 1397 338 1471 ‹hierte
350 1394 506 1469 affirmat
521 1397 625 1469 Rom.
638 1410 671 1488 1,
690 1411 725 1472 a.
756 1411 778 1472 2
794 1399 891 1472 Tim.
911 1415 945 1491 2,
964 1415 997 1475 8‘.
1025 1403 1104 1478 coss.
1121 1403 1225 1480 Rom

86 1517 159 1600 ,9,
181 1517 211 1578 1.
247 1499 378 1591 Gaii,
398 1507 433 1572 4.
462 1513 521 1575 29:
580 1497 679 1571 Addi
706 1497 839 1600 potest,
881 1501 979 1601 qnod
1001 1503 1128 1578 fratres
1148 1507 1226 1580 eius

77 1604 81 1612 ’
116 1603 185 1705 ipsi
201 1601 312 1675 fidem
330 1625 404 1674 non
425 1597 631 1673 habuerunt
652 1597 722 1698 (so.
742 1615 776 1693 7,
794 1616 814 1676 3
831 1599 910 1698 ss),
943 1617 978 1676 et
1000 1607 1129 1679 comite
1150 1607 1226 1709 ipsa

116 1721 252 1798 matre,
293 1701 411 1776 Iesum
435 1702 496 1776 elit
509 1701 647 1795 nando,
687 1716 858 1802 tanquam
881 1704 1010 1778 mentis
1033 1731 1106 1782 non
1128 1713 1226 1784 coni

117 1823 257 1910 potem,
282 1730 578 1909 prehendendum
592 1818 816 1878 curaverunt.
844 1805 977 1902 (Marc.
996 1822 1030 1900 t,
1052 1825 1111 1888 21.
1141 1811 1224 1911 81.)

118 1915 259 1985 Deinde
275 1907 390 1982 lesam
409 1929 493 2006 apo
518 1905 579 1979 ulo
594 1906 713 2006 palam
724 1931 794 2006 pro
810 1905 950 2010 losephi
965 1908 1041 1983 filio
1055 1909 1224 1990 habitum

116 2011 184 2088 csse
206 2011 354 2086 constat.
389 2006 471 2106 (Ma
531 2022 619 2101 ,1⁸,
641 2019 700 2084 6⁵.
741 2009 853 2084 Marc.
872 2025 906 2102 6,
924 2025 957 2086 3.
999 2011 1087 2089 Luc.
1108 2027 1142 2108 2,
1161 2025 1221 2094 te.

116 2130 234 2208 aas.
271 2111 599 2206 4‚m.10.1‚to.
636 2117 749 2203 aaa.
788 2123 900 2204 nat.
928 2123 988 2190 41.
1018 2125 1078 2193 tr.
1115 2117 1221 2192 Rom

118 2234 156 2313 9,
178 2216 236 2316 5.)
292 2220 456 2310 Deniqtae
474 2211 592 2285 effatis
611 2211 761 2314 Angeli,
798 2212 845 2285 ad
867 2214 927 2287 vul
953 2241 1051 2290 arem
1072 2218 1222 2293 Iudaeo

119 2347 205 2395 rum
223 2319 428 2420 opinionem
440 2313 736 2408 accommodatis,
770 2313 814 2387 de
828 2313 905 2387 lesu
925 2333 941 2389 t
986 2345 1096 2394 onum
1110 2323 1222 2416 Dari-

121 2423 181 2495 dis
200 2435 411 2520 occupatura
428 2414 536 2515 (Luc.
557 2430 588 2508 1,
607 2415 708 2513 32),
742 2442 858 2515 neque
881 2417 957 2491 Iesu
979 2421 1086 2518 ipsius
1105 2424 1221 2513 const·
1312 2497 1315 2502 ,

118 2525 213 2598 lium
230 2519 335 2620 (huc.
348 2536 404 2612 17,
423 2534 482 2596 20.
506 2534 564 2594 21.
592 2518 642 2591 Io.
655 2532 713 2611 18,
731 2516 832 2616 δᾶ),
858 2519 973 2619 neque
990 2537 1136 2595 eventus
1152 2524 1221 2596 u'n-

116 2652 230 2728 quam
251 2623 440 2724 respondit.
474 2619 623 2715 'Quodsi
644 2647 730 2692 vero
751 2617 920 2710 historiae
941 2621 1021 2694 suco
1044 2620 1220 2696 narratio-

116 2757 181 2812 nes
204 2725 290 2800 istae
311 2721 531 2803 collustratae
546 2721 699 2816 suerint,
723 2721 891 2802 dubitare
910 2723 1102 2820 nonlicet,
1129 2727 1219 2826 quin

114 2833 191 2909 iam
211 2827 396 2932 prioribus
414 2823 542 2900 seculis
562 2825 681 2925 plures
702 2825 922 2918 exstiterint,
947 2827 1021 2926 .qui
1043 2853 1219 2930 praeeun-

114 2933 215 3008 tibus
238 2923 482 3018 Cerintho,
514 2925 818 3026 Carpocrnte,
851 2930 1031 3002 Ebionitia
1054 2931 1224 3031 aliisque,-

114 3035 231 3110 Iesnm
253 3028 395 3132 losephi
415 3028 532 3102 fitium
553 3029 656 3101 fuisse
676 3029 928 3107 contenderent
948 3027 1010 3130 (§.
1031 3032 1140 3132 8¹8),
1181 3050 1217 3108 et
1258 3057 1264 3069 ·

112 3139 205 3238 quin
220 3134 319 3238 apud
335 3157 459 3206 omnes
476 3130 552 3205 sere
574 3130 725 3231 populos
748 3132 972 3226 incultiores,
999 3133 1134 3236 quippe
1151 3137 1216 3236 qui

111 3239 274 3314 humana
294 3231 473 3310 miscendo
494 3232 632 3308 divinis
651 3233 849 3334 primordia
870 3236 1056 3312 civitatum
1077 3238 1135 3312 vel
1158 3265 1215 3314 re-

112 3343 291 3442 ligionum
312 3335 515 3438 augustiora
542 3334 659 3408 facere
685 3335 838 3455 ideoque
859 3336 931 3410 sata
955 3365 1081 3440 resque
1102 3339 1215 3441 gestas

111 3447 275 3517 viromnn
291 3440 481 3540 insignium
496 3437 542 3510 ad
560 3437 718 3510 numinis
733 3435 930 3511 cshcaciam
949 3441 1019 3515 five
1035 3445 1213 3516 auxilium
1272 3502 1275 3508 .

107 3543 243 3622 'referre
265 3544 384 3618 conati
403 3541 489 3634 sint,
521 3539 648 3614 similia
668 3537 713 3614 de
732 3539 1039 3616 incarnationibns
1055 3547 1212 3620 Deorum

112 3662 148 3722 et
170 3646 215 3720 de
236 3644 446 3719 hominibus
471 3669 492 3716 a
515 3657 644 3714 natura
669 3641 826 3740 <prodam
849 3645 990 3720 coelesti
1016 3647 1212 3746 progenitis

107 3750 335 3852 reperiantur
349 3761 547 3827 commenta
562 3743 606 3842 ‘).
658 3744 758 3836 [tuae
776 3771 889 3844 quom
907 3749 956 3819 ita
977 3749 1040 3819 sint
1050 3804 1061 3840 ,
1087 3773 1210 3829 eornm

106 3853 278 3929 sententia
300 3849 460 3924 maxime
481 3845 683 3950 probabilis
699 3844 764 3920 esse
787 3847 1044 3948 videtur,‡‹pii
1061 3852 1210 3948 evange-

106 3957 270 4031 listarum
292 3954 337 4026 de
358 3950 537 4026 natalibus
554 3947 630 4025 teta
648 3946 782 4024 Christi
803 3949 952 4028 insolitis
972 3945 1209 4029 narrationem
1294 4015 1297 4022 ,

106 4086 172 4159 pm
188 4055 317 4154 mytho
333 4056 430 4128 sacro
446 4081 498 4127 ex
511 4050 724 4127 ludaeorum
744 4051 974 4151 opinionibus
991 4051 1209 4151 quibusdam

105 4162 171 4260 (cs.
197 4163 247 4234 lo.
267 4175 301 4250 7,
319 4173 377 4236 27.
407 4166 455 4234 42
472 4155 530 4254 Μ)
554 4171 588 4228 et
614 4153 870 4256 prophetarum
892 4154 1045 4228 oracolis
1070 4152 1151 4252 (ses
1174 4171 1207 4250 7,

741 4257 801 4328 Aa
831 4271 850 4331 2
