2792 4759
381 384 439 455 De
464 383 659 478 exsistentia
686 382 758 457 Do·
782 387 897 455 unius.
1121 396 1189 465 193

87 556 135 631 de
152 558 219 631 Dei
233 552 434 629 exsistentia
452 556 649 631 necessitate
664 570 833 658 tanquam
852 558 1032 676 principio
1046 561 1192 636 omuino

87 662 144 732 uti
165 658 355 761 poffimus;
389 664 536 755 denique
556 659 713 731 numinis
728 660 996 759 cognitronem,
1020 661 1192 765 adquam

86 760 323 863 perveniendi
342 758 414 833 sola
434 754 582 835 facultas
598 756 738 833 homiui
755 762 931 835 innatast
947 758 999 859 (ὁ.
1019 760 1093 861 2.),
1121 771 1192 837 im·

86 869 244 935 mediate
262 862 378 936 cuivis
394 859 534 937 homini
551 888 572 934 a
587 862 663 935 Deo
678 860 756 963 ipso
772 860 1009 963 suppeditari,
1041 868 1190 942 minime

111 966 237 1038 robori
253 962 387 1065 potest,
412 990 526 1063 quum
539 960 747 1037 huiusmodi
761 962 938 1039 efficaciae
951 962 1095 1042 divinae
1109 964 1191 1042 nul⁴

84 991 142 1141 lue
167 1063 479 1167 deprehendantur
506 1078 608 1139 notae
636 1074 770 1157 certae3
809 1066 883 1138 imo
911 1070 1097 1183 pauciores
1119 1070 1188 1167 illi,

84 1170 157 1269 qui
177 1166 321 1240 diversis
336 1166 555 1267 temporibus
571 1165 747 1239 eiusmodi
766 1166 887 1240 lumen
907 1183 1088 1245 internum
1108 1180 1190 1248 tan*

85 1290 205 1369 quam
225 1266 427 1341 immediata
444 1283 478 1342 et
494 1266 752 1371 supernaturali
767 1269 838 1341 Dei
851 1266 1038 1344 effectione
1053 1274 1093 1347 in
1109 1276 1189 1348 ani-

86 1372 164 1443 mis
180 1370 333 1471 ipsorum
348 1368 534 1443 accensum
551 1370 779 1463 incurrerint,
812 1369 877 1443 alii
895 1370 982 1444 alias
1001 1372 1189 1450 sententias

86 1473 199 1574 plane
219 1470 284 1545 libi
305 1472 496 1572 oppolitas,
530 1498 577 1545 ex
598 1498 670 1544 uno
693 1471 888 1571 eodemque
910 1472 1008 1545 fonte
1036 1473 1189 1579 tapetia

83 1588 186 1648 runt.
238 1572 363 1689 Neque
381 1598 466 1647 vero
487 1570 562 1674 ipsa
577 1574 646 1646 Dei
667 1569 796 1666 notio,
817 1565 965 1646 historia
986 1575 1071 1650 telle
1076 1628 1088 1673 ,
1123 1579 1189 1655 nili

81 1676 225 1749 ratione
248 1672 410 1747 universe
432 1672 523 1748 hene
548 1674 710 1767 exculta,
750 1674 930 1749 inanimo
952 1668 1110 1754 hominis
1131 1708 1189 1755 re⁴

84 1792 142 1852 cte
169 1777 361 1849 informata
385 1770 570 1877 reperitur.
627 1776 768 1870 Quibus
798 1776 917 1877 politis
942 1800 1055 1878 quum
1078 1780 1188 1880 Deus,

82 1878 163 1980 ipsu
188 1876 413 1979 scripturas.
438 1876 523 1953 teste
549 1876 656 1976 (Act.
678 1894 735 1972 17,
754 1876 862 1976 22),
904 1886 1028 1976 quaeri
1048 1875 1187 1982 debeat,

84 1978 335 2079 consequitur,
373 1990 414 2052 ut
438 1981 692 2081 quaerentibus
723 1981 795 2053 illis
826 1991 908 2081 apta
941 1980 987 2055 ad
1012 1988 1189 2085 cognitio-

82 2104 170 2156 nem
184 2082 255 2155 Dei
276 2081 342 2154 fibi
364 2082 638 2183 comparandam
660 2083 718 2153 via
742 2080 1009 2157 commonstrari
1028 2102 1064 2158 et
1083 2088 1189 2191 pollit

83 2200 117 2257 et
133 2182 277 2257 debeat.
313 2182 394 2275 Qua
407 2186 467 2257 via
481 2182 623 2285 ingressi
636 2180 858 2285 philosophi,
877 2180 1033 2280 diversa,
1055 2191 1188 2289 quibus

83 2286 206 2359 Deum
220 2282 286 2359 elle
302 2282 514 2387 probarent,
541 2298 747 2383 argumenta
769 2285 826 2359 vel
844 2286 909 2385 ipsi
927 2292 1187 2387 excogitarunt,

81 2388 143 2463 vel
155 2386 206 2459 ab
219 2387 297 2459 aliis
308 2389 452 2465 inventa
464 2388 779 2477 confirmaverunt,
797 2389 929 2486 partim
939 2394 1188 2486 philosophico

83 2488 299 2578 (theoretica
313 2504 347 2563 et
358 2494 557 2583 practico),
583 2489 715 2588 partim
731 2490 897 2583 historica
910 2484 958 2585 s).

117 2669 154 2739 a)
177 2660 223 2723 Gi.
239 2664 402 2726 Tortilis.
419 2666 483 2727 adr.
494 2662 634 2740 nemag.
654 2683 680 2725 a.
696 2683 722 2722 a.
758 2661 945 2742 Augustini.
959 2662 995 2725 tle
1007 2666 1107 2729 trinit«
1124 2672 1187 2735 sss.

153 2763 226 2824 0⁸45.
261 2756 398 2810 ciente
414 2756 534 2823 Anueis.
548 2770 612 2806 zum
619 2754 677 2823 sel.
696 2752 800 2807 Leaen.
818 2756 897 2823 8311.

117 2886 147 2957 s)
169 2884 266 2943 Kant
279 2882 379 2951 siritii
396 2882 423 2943 (l.
440 2888 535 2941 reineri
548 2886 627 2941 Vera.
647 2884 707 2958 657.
744 2880 886 2941 Melllu
904 2881 1044 2945 erterh
1057 2887 1107 2967 der
1119 2888 1189 2952 trit.

154 2972 269 3043 Philus.
286 2976 309 3027 s.
325 2991 353 3026 r.
369 2974 487 3027 Baucis.
499 3000 535 3013 -
560 2971 659 3027 Frid.
680 2973 741 3028 Hr.
759 2973 775 3025 J
783 2969 899 3025 neubi
918 2972 963 3037 (V.
976 2975 1004 3028 d.
1017 2978 1190 3043 gaulmin-

150 3074 208 3127 μη
225 3075 256 3115 u.
270 3058 349 3111 ihm
364 3054 569 3125 Offensarung.
588 3058 621 3111 L.
637 3066 715 3119 1811.
738 3067 782 3127 53.
805 3071 864 3125 152.
887 3058 959 3126 125.)
975 3057 1190 3125 persuasionem

157 3142 193 3197 de
207 3144 272 3198 Deo
287 3132 410 3195 minime
429 3138 606 3209 probatione
625 3136 700 3208 niti,
724 3139 775 3195 led
791 3152 905 3191 merum
919 3141 974 3192 elle
988 3144 1105 3199 sensum
1120 3149 1189 3213 (Ge.

148 3226 238 3299 fu'srl)
255 3238 284 3283 et
296 3226 464 3280 instinctum
479 3224 623 3295 quendam
638 3222 710 3276 dixit
725 3218 778 3291 (cl.
790 3223 839 3275 Κὸ
849 3239 942 3295 ppen
960 3221 1146 3297 Philosophia
1160 3230 1189 3289 d.

156 3314 395 3385 ctrtjtaemtums.
414 3311 438 3362 l.
457 3310 532 3375 no.);
558 3308 607 3362 cui
628 3306 794 3361 sententiae
814 3311 913 3359 tamen
930 3316 1013 3361 recte
1037 3310 1190 3386 obiicitur,

158 3410 219 3453 tum
233 3398 347 3453 sensum
361 3406 422 3445 non
436 3391 490 3443 nili
505 3392 643 3445 notiones
664 3392 790 3463 gignere
810 3390 963 3457 obscuras,
986 3393 1141 3464 ambigunt
1159 3408 1192 3455 et

156 3478 308 3554 quibusvis
323 3476 488 3551 phaniadae
502 3474 639 3557 ludibriis
653 3473 809 3538 obnoxiat,
829 3485 887 3525 tum
899 3471 1068 3532 instinctum
1079 3478 1192 3539 homini

122 3562 127 3571 ’
156 3574 274 3621 tantum
289 3564 480 3619 tribuendum
495 3562 570 3627 alle,
595 3568 741 3630 quatenus
756 3556 883 3611 sensibus
899 3556 936 3610 fit
952 3561 1124 3631 praeditur,
1146 3578 1192 3619 nt.

159 3664 216 3723 qua
231 3646 372 3705 eiusmodi
386 3643 571 3713 instinctum,
592 3662 650 3715 quo
665 3644 793 3697 humana
807 3653 888 3693 tuem
902 3641 938 3698 nd
951 3645 1079 3699 numlnir
1092 3646 1191 3703 notio·

157 3751 226 3789 nent
238 3743 317 3792 recte
332 3730 548 3787 informandam
562 3729 704 3794 ducatur,
730 3724 851 3779 omnino
865 3724 1039 3793 desiderem
1064 3744 1123 3784 tum
1137 3746 1191 3787 tto·

161 3822 272 3872 tionem
284 3816 339 3873 Dei
354 3832 370 3869 a
385 3816 522 3880 ratione,
541 3828 617 3885 quoa
631 3812 693 3866 lola
708 3811 861 3876 idearum,
886 3807 1008 3865 minime
1021 3820 1120 3869 tumen
1135 3811 1190 3887 ipfi

159 3900 346 3971 innotarum,
366 3899 432 3954 lona
447 3900 486 3953 est
501 3900 614 3967 (Kena
629 3896 706 3949 Krir.
722 3898 749 3949 d.
765 3896 865 3947 nium
882 3893 963 3949 Verri.
981 3910 1033 3965 595
1047 3897 1116 3966 m),
1142 3903 1192 3959 aa.

157 3986 279 4042 iurante
295 3984 527 4055 imaginatione,
554 3980 711 4034 intellectu
725 3985 754 4032 et
768 3979 831 4051 lpso
845 3981 949 4045 seusu,
973 3980 1121 4048 proficisci
1142 3987 1192 4041 de.

156 4072 229 4127 bete
245 4071 284 4137 (§.
298 4072 338 4139 3.)
357 4070 483 4137 (Salui
500 4064 842 4133 Religionspbr'losophie.
864 4080 898 4134 74
911 4065 939 4116 ss.
949 4063 976 4129 ),
1000 4079 1057 4115 nec
1072 4066 1128 4119 nisi
1142 4074 1192 4125 ubi

157 4154 236 4207 totio
258 4156 333 4205 bene
355 4154 471 4207 exculta
493 4151 602 4217 suerit,
628 4151 752 4201 historia
772 4150 860 4214 cette,
886 4146 1016 4199 murrinis
1036 4151 1192 4211 notionem

156 4238 448 4309 teetejinsormatam
461 4236 563 4300 suisset
585 4236 674 4289 sidem
690 4250 759 4288 vero
775 4232 886 4287 dictam
905 4231 1074 4304 religiosum
1094 4252 1109 4290 a
1129 4240 1191 4295 folo

769 4320 803 4393 N
