2792 4759
496 333 785 459 D'rrmzogta.
1143 380 1189 443 m

86 536 223 613 chiama
245 550 399 628 minore,
432 556 467 614 et
486 549 636 628 maiora,
669 545 734 642 qui
750 568 822 615 non
836 540 998 615 eoelefiac
1011 540 1188 635 mandato,
1255 530 1259 538 .

86 644 150 717 sed
166 645 309 745 privato
323 642 464 717 consilio
480 668 500 714 a
515 642 724 717 Luthero
737 641 927 744 conscripti
940 658 976 716 et
988 644 1089 717 sunu]
1101 644 1191 719 editi

86 746 172 817 sunt
192 771 223 817 a.
239 758 358 836 1529;
388 757 420 821 5.
439 750 609 817 Formulo
623 752 826 817 concordiae
840 772 904 847 per
918 744 980 818 sex
995 742 1188 847 theologos,

87 846 315 920 iacobum
347 848 586 939 Andreae,
634 848 858 921 Davidem
890 845 1188 941 Chytraeum,

87 949 349 1021 Martinum
375 948 712 1043 Chemnitium,
755 949 982 1022 Andream
1005 950 1189 1023 Musau-

86 1048 204 1142 sum,
232 1048 498 1151 Christoph.
517 1051 787 1142 Cornerum,
822 1049 1063 1124 Nicolaum
1088 1048 1190 1124 Sel-

88 1178 339 1224 neccarum
348 1208 358 1244 ,
393 1154 533 1251 Torgae
553 1176 585 1223 a.
607 1162 701 1227 1576
717 1152 853 1247 conseri
879 1166 933 1244 ta,
960 1152 999 1223 in
1016 1151 1189 1227 coenobio

88 1253 276 1351 Bergensi‚
305 1280 415 1355 prope
432 1253 717 1353 Magdeburgum
736 1254 822 1326 olim
867 1270 919 1345 to,
945 1278 1040 1327 nunc
1056 1255 1187 1346 diruto,

89 1380 128 1426 a.
145 1364 237 1428 1677
253 1354 367 1427 revisa
387 1370 421 1428 et
441 1367 583 1431 a.1580
601 1356 757 1429 Dresdae
770 1356 930 1455 primum
943 1354 1087 1455 publice
1104 1380 1191 1472 pro*
1269 1350 1274 1359 ’
1335 1428 1338 1438 ,

92 1455 226 1556 posita3
260 1482 353 1555 qum
374 1457 539 1556 quidem,
573 1484 686 1557 quum
709 1483 780 1529 uon
803 1483 851 1529 ex
873 1457 1080 1530 auctoritate
1105 1484 1190 1529 unr-

90 1558 213 1629 versae
236 1558 399 1631 ecclesiae
421 1556 551 1659 scripta
576 1560 635 1651 sit,
677 1584 793 1658 neque
822 1554 1004 1630 universae
1028 1555 1191 1632 ecclesiae

92 1656 366 1750 consessionem,
406 1658 465 1731 sed
494 1660 740 1759 theologorum
770 1658 1021 1731 nonnullorum
1052 1659 1190 1731 senten·
1224 1722 1229 1729 .

90 1763 184 1833 tiam
212 1763 394 1833 'contineat
426 1760 470 1833 de
503 1762 731 1835 controversis
760 1760 977 1860 quibusdam
1008 1760 1192 1835 doctrInae

90 1862 319 1961 evangelicae
338 1861 447 1953 Iocis,
487 1864 526 1935 in
547 1864 735 1936 Saxonicis
756 1878 896 1936 tantum
916 1864 1020 1935 terris
1044 1861 1191 1963 publice

91 1978 236 2063 recepta
267 1978 374 2063 atque
398 1963 530 2035 sancitu
554 1964 613 2037 est.
673 1966 811 2036 Tamen
835 1989 944 2037 exea
971 1964 1190 2065 potissimum

93 2072 273 2157 theologia
294 2070 517 2161 ecclestastica
544 2064 603 2138 seu
627 2064 779 2137 formula
801 2065 862 2137 isla
891 2065 1043 2165 prodiit,
1083 2090 1187 2165 quac,

91 2192 113 2237 a
131 2167 338 2240 doctoribus
355 2168 461 2241 seculi
476 2168 580 2240 XVII
601 2169 791 2267 praecipue
806 2166 966 2260 exculta,
992 2170 1031 2240 iu
1047 2166 1190 2241 ccclesia

90 2266 298 2341 Lutherana
316 2268 489 2362 obtinuit,
525 2294 589 2342 nec
611 2268 674 2341 nifi
696 2269 820 2341 iudea
841 2268 956 2342 secuso
971 2270 1093 2342 XVIII
1112 2292 1191 2341 me·

92 2372 157 2441 ‹Iio
181 2370 305 2469 passim
327 2370 510 2443 emendata
534 2370 594 2444 est.
648 2370 812 2442 Ceterum
831 2384 969 2443 tantum
986 2368 1121 2460 absuit,
1147 2382 1189 2439 ut
1291 2384 1295 2389 ’

91 2470 164 2571 ipfi
185 2472 358 2545 sacrorum
376 2474 622 2544 instauratores
639 2469 867 2572 scripta'illa,
894 2494 985 2567 quae
1002 2496 1023 2542 a
1038 2470 1189 2540 Formu·

92 2571 152 2644 loe
171 2571 209 2645 C.
228 2573 426 2645 auctoribus
441 2574 585 2646 demum
599 2571 841 2667 symbolorum
857 2572 1000 2642 nomine
1024 2569 1188 2665 insignita

90 2671 245 2771 shuts),
280 2688 444 2774 tanquam
467 2677 611 2748 unicam
634 2689 740 2773 atque
758 2670 1020 2743 immutabilem
1036 2668 1189 2742 docendi

91 2801 255 2847 normam
272 2775 414 2877 singulis
430 2776 580 2851 ecclesiis
594 2776 838 2873 iniungerent‚
865 2787 923 2863 ut,
950 2773 988 2843 in
1004 2797 1075 2871 quo
1091 2770 1187 2843 sum-

91 2902 190 2949 mum
205 2878 502 2977 Evangeiicorum
518 2879 737 2977 principium
753 2890 846 2947 recte
861 2876 1006 2975 ponitur
1021 2869 1074 2970 (ᾧ.
1093 2871 1184 2970 13.),

92 2978 371 3079 adscripturum
394 2977 419 3050 s.
445 2994 614 3079 tanquam
637 2978 746 3050 solam
768 2976 852 3049 fidei
878 2976 1037 3075 regulam
1060 2975 1186 3047 diserte

116 3095 326 3153 revocarent
344 3078 387 3178 ³).
440 3080 542 3153 Unde
564 3078 696 3151 sactum
712 3078 779 3168 est,
810 3092 853 3150 ut
868 3078 1008 3150 ecclelia
1024 3077 1186 3174 Evange-

89 3108 157 3253 Iica
173 3184 239 3253 uni
252 3180 440 3280 eidemque
454 3182 589 3253 summo
600 3185 799 3275 principio,
822 3180 918 3279 quod
931 3179 1064 3251 dicitur
1077 3183 1186 3264 (Ein-

91 3288 162 3353 Ireit
181 3290 241 3353 dee
254 3288 439 3375 Principe)
461 3280 693 3382 superstructa
716 3284 776 3373 fit,
810 3306 925 3381 neque
948 3295 1067 3353 tamen
1088 3294 1185 3352 carto

90 3383 246 3484 quodam
255 3383 976 3483 eodemqueimmutabilidogmatumcom
1003 3380 1088 3454 sexu
1097 3407 1184 3455 con-

89 3489 256 3559 tinuatur.
298 3485 525 3589 Quapropter
539 3485 599 3557 illa
614 3482 837 3557 ecclesiarum
850 3407 1027 3577 symboiit,
1048 3483 1186 3583 quippo

91 3611 184 3685 quae
207 3587 450 3660 auctoritatem
472 3612 567 3659 mere
586 3584 781 3659 humanam
801 3585 940 3685 praese
960 3585 1097 3674 serunt,
1123 3606 1182 3653 ea-

92 3702 197 3757 tenus
219 3700 355 3761 tnntum
379 3702 509 3761 certam
533 3688 618 3761 fidei
640 3710 802 3758 normam
818 3684 861 3783 s)
890 3683 1063 3760 exhibere
1086 3696 1183 3755 recte

90 3786 312 3880 iudicantur,
337 3804 510 3888 quatenus
526 3814 609 3861 cum
622 3787 816 3888 scripturae
832 3790 947 3860 sacrae
967 3783 1099 3875 effatis,
1126 3780 1181 3854 sa-

89 3888 311 3963 narrationi
338 3906 373 3963 et
399 3892 469 3990 legi
490 3890 618 3963 morali
641 3887 739 3961 haud
760 3886 1058 3991 repugnantibus,
1097 3906 1181 3959 vere

88 3986 322 4065 consentiunt.
351 3990 450 4089 (Aet.
468 4000 502 4084 4,
522 4006 578 4068 19.
608 4000 641 4084 5,
659 3989 740 4089 29.)

188 4092 230 4167 In
247 4094 399 4169 ecclesiis
414 4092 646 4183 Resormatis,
672 4118 786 4192 quum
806 4114 921 4189 neque
940 4082 1095 4187 generali
1111 4084 1181 4179 Sy·
1265 4172 1270 4183 ι

87 4191 180 4281 nodo
197 4220 314 4296 neque
330 4196 573 4275 universarum
588 4194 756 4271 consensu
772 4216 842 4267 una
856 4190 1048 4289 eedenupue
1063 4188 1183 4260 omni-
