2792 4759
350 1085 737 1172 rnuonoomu
777 1079 1177 1184 oooMAnoAu
1311 1136 1316 1154 .

659 1265 786 1324 raus
812 1249 864 1324 rv'.

207 1425 294 1511 De
330 1418 525 1535 rebus
563 1419 694 1536 poll
727 1387 1000 1506 mortem
1042 1419 1308 1506 futuris.

637 1679 815 1737 cetu
852 1675 880 1732 1.

210 1843 214 1848 ·
340 1817 402 1892 DE
426 1817 540 1890 vm
566 1819 679 1888 rost
705 1817 899 1888 MORTEM
926 1815 1172 1886 stantuna·

618 2000 886 2120 ‘utos'
962 2121 966 2130 Ι
1065 2124 1069 2132 ¹

512 2179 996 2254 Introductio

204 2324 273 2434 Ut
297 2355 595 2438 vitaehumanae
620 2386 708 2436 vera
730 2363 823 2456 ratio
854 2375 961 2462 atque
987 2359 1147 2460 'dignitas
1172 2359 1304 2434 constet

203 2461 372 2558 moralis,
410 2477 447 2536 ct
467 2461 577 2537 homo
599 2462 785 2539 beneficiis
813 2489 879 2565 per
899 2461 1111 2563 religionem
1135 2459 1306 2537 Christia-

201 2579 289 2642 uam
309 2564 376 2665 ipa
397 2563 526 2638 oblatis
545 2591 629 2639 vere
650 2566 762 2668 potiri
784 2579 909 2666 queat,
944 2563 1158 2640 immortalia
1178 2565 1222 2637 fit
1240 2591 1303 2637 ne-

201 2665 292 2742 oell'e
305 2667 374 2757 el't,
399 2667 425 2740 i.
437 2693 470 2740 e.
484 2681 526 2740 ut
542 2667 682 2741 animus
696 2667 773 2740 eius
787 2683 900 2740 morte
914 2692 935 2739 a
949 2693 1097 2768 corpore
1111 2665 1301 2766 separatus,

200 2769 258 2845 fui
272 2767 452 2860 conscius,
468 2768 509 2840 io
520 2784 703 2842 aeteruum
717 2793 820 2870 agere
834 2783 959 2870 pergat
973 2793 1084 2944 eagpe
1098 2767 1188 2840 sorte
1202 2767 1300 2838 frue-

200 2885 280 2962 tur,
300 2869 341 2942 in
355 2870 483 2969 qualit
497 2867 588 2942 iusta
602 2867 711 2944 huius
725 2871 820 2944 vitae
836 2895 980 2944 merces.
1056 2870 1154 2969 pinio
1167 2867 1212 2940 de
1226 2866 1301 2938 inr-

200 2969 416 3046 mortalitate
436 2970 555 3065 animi
570 2971 789 3073 pensualioui
808 2969 853 3048 de
872 2970 1067 3048 exsistentia
1083 2970 1153 3042 Dei
1174 2967 1304 3041 arctis-

199 3074 285 3150 sime
300 3071 422 3144 iuncta
436 3096 522 3144 cum
534 3070 606 3146 hec
620 3073 696 3174 ipsa
713 3075 829 3146 omnis
845 3097 951 3147 verae
969 3070 1150 3172 religionis
1169 3069 1304 3145 funda-

200 3187 363 3249 mentum
375 3171 556 3246 constituit
570 3175 769 3274 principale
783 3173 830 3272 ⁶).
865 3175 1106 3249 Veruntamen
1116 3169 1208 3246 haec
1221 3173 1304 3272 opi-

199 3278 282 3369 nio,
307 3277 393 3350 licet
408 3300 491 3349 oum
507 3270 584 3376 ipsa
600 3275 713 3346 animi
728 3291 854 3348 natura
868 3290 903 3349 et
920 3303 1004 3352 cum
1019 3275 1165 3348 summis
1182 3273 1304 3348 homi-

199 3377 258 3454 nis
273 3377 415 3450 viribus
437 3393 544 3476 atque
558 3375 739 3451 ‹lelideriis
760 3377 887 3451 intimo
905 3377 1093 3452 cohaereat
1114 3403 1231 3469 nexu,
1265 3391 1303 3450 et

199 3477 323 3554 omnia
338 3501 574 3578 quaecunque
589 3493 688 3581 agat,
713 3478 839 3552 toleret
858 3479 1064 3580 speretque,
1091 3480 1130 3552 vi
1143 3478 1203 3552 lua
1218 3477 1303 3552 affi-

198 3581 292 3674 ciat,
332 3578 431 3652 nulla
454 3593 575 3654 tamen
599 3581 728 3654 nititur
753 3580 1047 3656 demonstratione
1073 3581 1306 3682 geometrica,

78 3698 80 3705 '
197 3709 266 3760 neo
283 3681 379 3756 clara
397 3678 560 3774 scientia,
585 3681 721 3784 quippe
737 3707 828 3782 quoe
846 3680 1056 3778 hominibus
1072 3707 1093 3754 a
1109 3682 1306 3783 providen-

197 3787 251 3860 tia
272 3784 350 3886 ipsa
369 3781 541 3882 denegata
556 3783 626 3876 elt,
659 3781 719 3856 scd
741 3811 840 3856 mera
857 3785 926 3858 fide
944 3783 1033 3860 iusta
1043 3841 1053 3880 ‚
1081 3787 1305 3884 argumentis

199 3901 237 3960 et
258 3890 433 3983 historicis
458 3900 495 3958 et
516 3888 774 3980 philosophicis
795 3883 1025 3983 (theoreticis
1046 3901 1082 3960 et
1103 3887 1304 3988 practicis)

201 3983 262 4086 (ᾧ.
284 3986 395 4086 194.)
410 3985 458 4060 ad
472 3985 647 4066 summam
662 3987 878 4062 evidentiam
893 3987 1085 4062 evehenda.
1127 3987 1210 4080 Quo
1228 4015 1306 4061 nra-

80 4177 88 4196 ·
198 4093 256 4192 gio
271 4104 391 4168 autem
411 4087 501 4163 haec
524 4087 699 4191 persuafio
720 4089 767 4163 ad
787 4115 907 4163 verum
929 4091 1158 4189 religionem,
1185 4091 1308 4162 virtu-

198 4203 274 4268 tem
296 4205 332 4264 et
354 4191 650 4292 tranquillitatem
670 4190 776 4284 tacit,
816 4217 858 4266 eo
879 4193 1086 4293 diligentius
1108 4192 1147 4264 iu
1171 4192 1308 4266 animis
