2792 4759
347 298 405 368 De
422 299 522 389 statu
547 298 728 367 bominum
755 298 956 391 depravato.
1130 268 1200 375 38¹3
1277 325 1292 363 ο

103 474 174 547 bus
187 468 361 563 discedit,
388 469 458 541 five
473 470 704 571 cogitatione,
731 453 922 563 lirefacto,
955 472 1025 565 ita,
1053 484 1111 563 nt,
1141 474 1205 570 qui

102 600 212 677 prave
226 573 354 646 lecerit
369 586 431 643 aut
445 573 510 670 qui
523 587 619 647 recte
633 573 749 646 facere
769 572 984 673 neglexerit,
1012 572 1077 645 ubi
1093 572 1207 647 fa'cul-

103 694 159 750 tas
169 691 279 774 atque
290 673 538 775 opportunitas
552 675 586 746 ei
599 673 681 747 data
696 674 816 767 fuerit,
834 674 989 775 inculpa
1001 675 1041 749 fit
1055 672 1203 771 (slanh.

105 789 167 869 25,
185 785 365 851 41—46.
398 776 468 847 lac.
487 784 523 868 4,-
543 773 641 873 17.);
667 790 703 848 et
718 782 809 869 lege·
823 775 965 849 divinae
984 777 1206 878 appellantur

102 879 240 978 lingula
254 877 399 949 divinae
414 874 606 949 voluntatis
649 894 811 979 raecepta
826 878 869 950 de
881 879 928 955 iis
936 936 946 972 ,
973 904 1063 981 (puae
1077 878 1134 951 vel
1147 879 1206 951 fu-

102 1008 188 1082 gere
210 978 269 1051 vel
285 978 388 1077 sequi
406 972 570 1050 homines
586 903 727 1051 debent.
756 976 1066 1079 (fl0n1.r,141l.)
1118 980 1206 1053 l‘ro-

103 1080 278 1157 cliritatis
297 1080 395 1154 illius
417 1079 655 1179 principium,
689 1075 788 1155 haud
815 1082 1096 1180 repugnantibus
1115 1082 1204 1179 locis

104 1180 291 1258 nonnullis
309 1181 455 1255 biblicis
477 1176 585 1277 (Gen.
605 1196 638 1273 6,
655 1196 690 1257 8.
727 1183 777 1256 lo.
798 1197 833 1274 8,
853 1198 885 1258 6.
926 1180 1203 1275 Rom.7,1ass'.

108 1282 243 1379 8,1ll'.
277 1282 352 1356 Gal.
371 1293 405 1374 6,
427 1296 483 1355 17.
518 1283 716 1376 lac.1,1t.
740 1282 828 1383 ab),
863 1285 963 1356 inco
984 1298 1078 1357 recte
1100 1285 1206 1383 poni-

105 1403 190 1477 tur,
215 1381 311 1483 quod
323 1380 433 1456 homo
445 1383 491 1456 ad
503 1377 762 1456 humanitatem
776 1387 814 1456 in
827 1382 935 1459 lentot
951 1384 1025 1487 ipso
1039 1384 1206 1458 excolen-

106 1488 192 1561 dam
211 1511 393 1585 emergens
411 1484 513 1585 prius
531 1484 693 1557 sensuum
712 1484 889 1559 illecebris
909 1486 1070 1579 ducitur,
1097 1490 1206 1586 quma

104 1588 256 1665 rationis
282 1587 376 1661 lente
403 1585 673 1687 progredientis.
687 1588 840 1688 imperio
869 1587 1016 1661 obedire
1045 1590 1205 1688 rectique

104 1714 272 1765 normam
293 1686 434 1761 suenus
454 1686 639 1761 observare
661 1688 873 1783 adluel'cat,
892 1715 957 1765 nec
980 1690 1045 1765 nist
1065 1691 1205 1771 fortiter

104 1790 300 1895 pugnando
321 1803 445 1863 contra
466 1788 678 1889 cupiditates
698 1791 824 1863 virtuti
845 1790 1083 1885 adversantur,
1110 1792 1205 1875 unde

104 1894 215 1996 ipfius
236 1891 382 1965 virtutis
404 1884 532 1986 (αἱρετῆς
552 1887 645 1963 Phil.
663 1899 697 1984 4,
716 1906 749 1969 8.
786 1892 912 1967 2Petr.
933 1908 964 1986 1,
983 1892 1038 1993 ⁵.)
1062 1916 1203 1989 nomen,

103 1996 152 2071 ad
166 1992 423 2097 perfectionem
437 1990 626 2083 moralem,
652 1993 729 2065 Deo
745 1992 953 2088 adiuvante,
980 1998 1068 2069 eniti
1089 1998 1202 2097 pellit.

105 2094 259 2175 Accedit
272 2092 320 2167 ad
333 2092 593 2193 proclivitatem
606 2092 709 2167 istam
724 2094 991 2197 explicandam,
1015 2098 1110 2196 quod
1125 2090 1204 2199 ‘ple-

104 2203 211 2299 rique
225 2196 275 2270 ad
285 2194 470 2268 meliorem
481 2192 621 2291 lrugem
632 2195 851 2271 institutione
865 2212 970 2295 atque
984 2198 1204 2293 educatione,

105 2302 180 2375 line
195 2322 268 2396 qua
288 2322 392 2369 nemo
413 2294 488 2368 fere
505 2295 683 2395 perfectus
697 2295 807 2369 homo
822 2298 970 2371 evadere
988 2296 1082 2397 polle
1102 2298 1204 2371 vide-

105 2418 192 2495 tur,
222 2398 326 2498 plane
343 2408 482 2487 carent,
508 2409 543 2468 et
557 2396 656 2495 quod
671 2398 825 2497 optimae
843 2399 950 2470 etiam
973 2398 1205 2469 institutionis

104 2496 271 2577 efficacia
287 2524 350 2599 per
364 2498 538 2571 malorum
553 2498 799 2599 exemplorum
815 2522 856 2571 ao
873 2522 1003 2597 pravae
1019 2498 1206 2595 conluetu-

105 2604 207 2679 dim'n
222 2602 314 2693 vim,
340 2601 500 2697 itemque¹
511 2625 576 2699 per
589 2624 712 2674 rerum
726 2598 952 2699 publicarum
965 2596 1124 2670 instituta
1141 2620 1206 2696 pa-

105 2732 193 2783 tum
206 2702 334 2777 idonea
341 2698 389 2799 ὃ),
405 2699 504 2773 haud
515 2724 597 2773 raro
610 2702 852 2800 corrumpitur
864 2713 969 2797 atque
985 2696 1204 2797 infringitur.

106 2808 182 2883 {tui
205 2805 319 2905 igitur
339 2798 601 2894 omnishomo,
640 2802 813 2902 quamdiu
834 2801 873 2873 in
895 2798 964 2873 hac
985 2814 1080 2873 terra
1101 2801 1204 2895 vivit,

105 2906 284 3013 peccandi
294 2902 454 3005 periculo
465 2917 584 2976 manet
593 2903 791 2994 obnoxius,
809 2902 957 2974 minime
970 2916 1106 2995 tamen,
1123 2928 1206 2977 eum

104 3024 331 3112 peccatorem
345 3018 381 3077 et
394 3002 529 3075 malum
544 3004 640 3077 nasci
655 3019 690 3077 et
707 3004 781 3105 ipsa
798 3018 922 3077 natura
939 3002 1000 3076 lua
1015 3002 1205 3079 neoell'ario

104 3112 155 3188 ad
169 3102 392 3212 peccandum
404 3104 506 3196 duci,
525 3104 609 3177 inde
622 3104 865 3205 consequitur;
892 3132 1007 3205 neque
1022 3108 1206 3207 propenlio

103 3212 175 3289 ista
189 3209 236 3283 ad
249 3205 469 3309 peccandum
482 3204 623 3279 homini
635 3208 725 3280 vitio
739 3206 830 3281 verti
846 3208 976 3307 potest,
1003 3208 1067 3283 nifi
1082 3204 1206 3311 tuapte

103 3314 214 3415 culpa
228 3310 327 3383 illius
338 3306 516 3383 illecebris
532 3306 768 3382 succubuerit.

144 3478 175 3547 a)
194 3472 373 3531 Clemdl.
389 3474 497 3529 Strom.
516 3476 566 3528 v1.
590 3490 618 3543 p.
632 3472 693 3528 662.
719 3474 764 3527 ed.
779 3474 844 3529 Col.
871 3471 983 3531 Φύσει
1007 3476 1062 3547 μὲν
1084 3472 1207 3547 ἐπιτή-

178 3560 269 3613 δειοι
286 3552 444 3630 γεγόναμεν
459 3556 529 3633 πρὸς
545 3554 657 3630 ἀρετήν·
677 3556 711 3611 οὐ
728 3556 785 3630 μὴν
803 3556 872 3613 ὥστε
890 3562 963 3631 ἔχειν
978 3560 1063 3629 αὐτὴν
1080 3564 1110 3616 ἐκ
1128 3552 1207 3633 pert-

177 3643 243 3710 τῆς,
256 3640 323 3695 ἀλλὰ
339 3640 409 3715 πρὸς
424 3640 628 3713 ιδ’κτῆσασθαι
644 3638 801 3713 ἐπιτήδειοι.
818 3672 854 3687 -
877 3642 949 3719 ἡμᾶς
965 3650 996 3703 ot
1014 3645 1140 3718 ἐξὴμῶν
1154 3648 1207 3707 αὖ·

179 3726 238 3781 τῶν
253 3722 377 3793 βούλεται
394 3724 428 3796 (ὁ
444 3726 526 3796 θεὸς)
544 3722 689 3802 σώζεσθαι.
714 3726 783 3797 αὕτη
802 3722 853 3785 οὖν
870 3728 953 3802 φύσις
969 3734 1075 3803 ψυχῆς,
1095 3737 1124 3795 ἐξ
1138 3736 1207 3789 ἑαυ-

175 3812 225 3879 τῆς
236 3806 339 3883 ὁρμᾶν·
357 3810 416 3867 εἶτα
427 3814 534 3882 λογικοὶ
548 3808 639 3883 ὄντες,
655 3816 766 3884 λογικῆς
779 3812 859 3884 οὔσης
872 3820 919 3885 τῆς
937 3822 1119 3889 φιλοσοφίας,
1137 3837 1207 3893 συγ-

173 3898 253 3969 γενές
272 3914 300 3949 τι
322 3897 424 3969 ἔχομεν
443 3895 513 3969 πρὸς
536 3893 637 3966 αὐτήν·
667 3895 732 3965 ἡδὲ
751 3898 952 3969 ἐπιτηδειότης,
978 3902 1053 3975 popul
1073 3906 1128 3975 μὲν
1149 3910 1207 3965 ἐστι

172 3980 245 4053 πρὸς
261 3978 376 4053 ἀρετὴν,
398 3978 479 4053 ἀρετὴ
498 3978 527 4034 d'
546 3978 588 4034 ab.
607 4010 643 4025 -
675 3982 771 4036 Kent
789 3982 892 4053 Vorles.
908 3989 953 4040 us.
968 3988 1112 4058 d.p}1ilos.
1125 3990 1206 4047 aett-

174 4066 374 4133 lr’gr'onslehre.
399 4066 524 4134 L.1817.
552 4069 639 4135 ¹39ss
682 4067 773 4119 Plane
793 4068 853 4122 ella
873 4071 920 4122 vis
939 4070 1082 4142 ingreffut
1101 4089 1207 4133 auctor

171 4151 279 4221 pubet
285 4148 344 4204 hnc
353 4148 394 4204 de
403 4159 663 4207 reuomentem
675 4149 761 4218 estin
771 4150 809 4205 l.=
829 4150 895 4211 aet.
910 4154 1021 4213 tenera.
1035 4160 1066 4215 d.
1078 4159 1206 4220 Granum
