2792 4759
504 356 562 428 De
586 359 786 451 Religione.
1146 370 1204 471 18ι

94 538 223 607 iectiva
238 526 264 606 l.
281 529 447 605 doctrina
462 530 644 631 religionis
662 522 712 627 (βξ
733 532 787 624 1.)
807 548 986 610 momenta
1003 531 1112 607 huius
1128 560 1196 634 po-

93 639 186 711 tiora
208 633 401 737 separatim
422 648 550 707 tractet
578 648 613 705 et
638 634 821 735 religionis
842 638 989 737 proprie
1010 637 1058 710 fic
1078 635 1195 730 dictae

95 754 129 812 ct
142 734 278 812 ethices
294 734 457 809 doctrina
473 734 718 835 distinguatur.
771 734 853 830 Quo
873 736 968 813 sacto
989 738 1070 830 illa,
1102 762 1195 839 quae

94 840 361 941 perceptionem
374 836 556 911 relationis
577 838 670 911 iuter
683 838 801 911 Deum
814 836 998 913 hominem
1024 838 1195 913 ueinter-

94 940 251 1015 cedentis
267 938 473 1011 immediate
488 938 663 1039 spectant,
689 938 981 1040 comprehendet,
998 866 1096 1014 laec
1108 965 1195 1014 vero

93 1040 246 1143 lingulas
264 1040 394 1141 agendi
410 1040 547 1139 regtdas
565 1038 649 1113 inde
663 1039 874 1114 derivandos
893 1042 1094 1126 illnllraliit.
1121 1083 1126 1093 ·
1145 1043 1196 1116 At

93 1142 233 1218 etiamli
248 1141 431 1215 universus
448 1142 492 1215 de
507 1139 634 1215 officiis
658 1168 741 1243 erga
762 1159 898 1217 nosmet
919 1142 1013 1246 iplos
1035 1144 1196 1243 aliosque
1259 1196 1264 1206 ι

94 1238 264 1319 homines
280 1242 376 1318 locus
391 1245 525 1345 exponi
542 1258 576 1315 et
593 1240 762 1317 illustrari
781 1245 913 1346 potelt,
938 1246 1035 1333 nulla
1050 1245 1196 1346 religio-

99 1348 159 1421 nis
182 1345 316 1419 ratione
336 1343 481 1437 hahita,
515 1345 627 1418 multo
650 1360 769 1419 tamen
792 1345 991 1447 augustior,
1016 1346 1197 1421 efficacior

100 1465 139 1523 et
153 1446 327 1521 solidarior
340 1448 388 1519 el't
405 1472 445 1521 ea
462 1472 603 1519 morum
624 1463 659 1520 et
677 1447 878 1523 officiorum
895 1448 1076 1541 doctrina,
1103 1472 1197 1549 quae

99 1550 266 1625 comitem
287 1546 397 1621 hahet
413 1546 595 1649 religionis
615 1548 889 1649 perlualionem,
916 1576 963 1624 ex
977 1576 1089 1650 eaque
1103 1573 1197 1622 nova

99 1650 274 1754 quaedam
293 1650 486 1751 eademque
508 1650 708 1751 gravillima
725 1652 820 1754 capit
839 1654 1072 1728 sumunrenta.
1121 1651 1198 1725 ve-

97 1768 287 1829 runtamen
311 1753 350 1825 in
370 1750 446 1853 ipse
465 1748 654 1827 hominnm
674 1756 750 1827 vita
770 1753 953 1855 religionis
973 1754 1029 1828 ris
1048 1751 1198 1847 nonio-

97 1856 173 1931 lnnr
188 1882 232 1929 eo
248 1854 424 1944 cernitur,
459 1852 556 1953 quod
570 1855 683 1927 virtus
698 1854 760 1928 illa
775 1871 946 1957 tanquam
964 1856 1197 1930 fundamento

97 1960 244 2050 nititur,
276 1970 312 2028 et
331 1955 430 2054 quali
451 1955 667 2029 adminiculo
688 1959 856 2057 erigitur3
888 1958 1078 2033 sedetiam
1098 1954 1197 2058 (prod

98 2062 137 2133 in
157 2061 255 2132 vitae
274 2054 451 2129 humanae
473 2054 763 2151 difficultatibus,
793 2060 940 2134 iacturis
955 2060 1069 2134 moles
1083 2060 1105 2076 '⁶
1149 2084 1197 2133 ue

96 2156 411 2261 tranquillitatem,
444 2156 543 2261 lpem
564 2174 600 2233 et
619 2159 789 2235 fiduciam
811 2162 941 2237 animis
963 2159 1087 2254 affert,
1122 2167 1127 2183 ‘
1155 2186 1197 2233 o-

97 2264 304 2362 minemque
325 2262 364 2333 in
387 2285 466 2333 eam
488 2261 585 2337 viam
599 2262 762 2357 deducit,
788 2289 880 2364 qua,
930 2291 978 2339 uo
997 2263 1140 2341 conlilio
1160 2274 1198 2335 et

97 2364 174 2464 iple
197 2378 234 2439 et
252 2378 368 2437 totum
386 2388 497 2474 genus
511 2361 710 2439 humanum
726 2367 887 2465 genitum
903 2292 963 2460 it,
989 2367 1125 2467 optimo
1138 2364 1198 2436 in-

101 2464 262 2563 telligere
281 2463 392 2563 poffit.
444 2464 568 2565 Neque
585 2468 703 2539 minus
723 2468 906 2567 religionis
921 2468 1084 2541 doctrina
1102 2462 1198 2539 ethi-

104 2590 165 2639 ces
189 2564 402 2637 adminiculo
423 2590 541 2641 carere
562 2564 695 2667 potest,
733 2570 905 2669 quoniam
923 2568 1024 2639 ideae
1044 2565 1093 2637 ad
1112 2564 1200 2637 reli-

97 2668 248 2767 'gionem
267 2662 289 2737 l
308 2678 473 2761 estantes,
507 2694 579 2741 non
599 2668 665 2741 nili
686 2670 836 2742 rationis
856 2670 1035 2771 practicae
1056 2678 1092 2740 et
1111 2690 1200 2740 con-
1223 2725 1227 2730 .

96 2767 267 2845 scientiae
279 2690 437 2843 liominis
455 2770 601 2843 moralis
617 2796 684 2871 ope
704 2786 801 2846 reete
821 2768 988 2847 contami
1009 2784 1045 2845 et
1068 2767 1200 2867 confir-

96 2870 192 2947 mari
219 2866 369 2971 polluat.
427 2870 592 2945 Ceterum
613 2872 771 2973 quaestio
793 2898 835 2947 ea
854 2874 1032 2947 recentius
1052 2872 1200 2972 agitatu,

96 2989 221 3047 uuum
244 2971 372 3071 religio
398 2998 448 3043 ex
471 2972 586 3047 l'tudio
609 2971 801 3047 honestatis
828 2976 868 3047 in
894 2976 1014 3048 animo
1040 2970 1200 3046 hominis

97 3074 281 3167 nascatur,
322 3098 368 3145 an
397 3089 520 3149 contra
546 3076 665 3177 potius
695 3103 715 3149 e
745 3076 917 3176 religione
944 3074 1016 3150 hoc
1040 3074 1201 3159 studium

98 3174 264 3277 prodeat,
291 3200 340 3247 ex
353 3172 459 3277 supra
478 3176 665 3279 propolitis
686 3178 738 3251 ita
758 3177 848 3251 lolvi
868 3180 1019 3279 poterit,
1042 3190 1105 3270 ut,
1126 3172 1200 3249 lto-

96 3279 233 3351 minem
260 3302 343 3349 vere
370 3276 560 3377 probitatis
583 3276 778 3353 studiosum
804 3304 847 3353 eo
873 3278 950 3380 ipso
978 3278 1027 3353 ad
1052 3266 1202 3377 nunien,

95 3394 270 3480 tanquam
291 3375 469 3453 lunrmum
490 3378 628 3453 bonum
648 3386 906 3477 originarium,
938 3376 1202 3482 agnoscendum

96 3496 204 3581 atque
236 3478 426 3561 colendum
452 3480 621 3569 facillime
653 3482 827 3583 perduci,
867 3481 1052 3558 hominem
1080 3496 1201 3555 autem
1269 3482 1273 3488 ’

95 3606 181 3655 vere
200 3578 406 3680 religiosum
424 3608 579 3684 veroque
600 3584 639 3657 in
652 3586 770 3657 Deum
788 3609 908 3660 amore
929 3586 1078 3660 ductum
1089 3584 1198 3678 (Luc.

102 3696 164 3775 10,
181 3694 238 3757 27.
274 3682 360 3756 110.
381 3690 413 3773 5,
433 3683 485 3774 8.)
508 3686 579 3758 line
600 3681 663 3758 illo
686 3682 878 3761 honestatis
904 3684 1021 3763 studio
1050 3683 1202 3784 cogitari

97 3783 246 3857 cumino
259 3800 331 3857 uon
345 3780 459 3885 polle,
484 3801 579 3863 reete
596 3784 856 3864 demonstretur
874 3788 916 3883 ⁶).

130 3966 164 4033 c)
181 3962 377 4022 cateruam
391 3964 448 4043 hac
461 3966 497 4021 te
511 3985 544 4022 re
558 3966 647 4021 effata
660 3970 830 4039 praeclara:
849 3966 1038 4033 Platonis,
1057 3945 1201 4035 quirum·

163 4048 285 4103 meudat
297 4045 429 4121 ὁμοίωσιν
445 4054 509 4125 θεῷ
525 4051 644 4109 κατὰτὸ
661 4050 788 4133 derectis.
816 4053 962 4130 (ὁμοίωσις
979 4050 1010 4108 δι’
1028 4050 1136 4107 δίκαιον
1152 4052 1207 4133 καὶ·

161 4129 242 4189 ὅσιον
255 4128 329 4210 μετὰ
346 4132 504 4209 φρονήσεως
524 4138 689 4215 rosindus.)
715 4141 869 4195 Theaetat.
886 4154 945 4192 rat.
965 4139 999 4196 V.
1014 4138 1055 4191 11.
1074 4133 1209 4207 nunqu·

160 4218 206 4274 Ei.
216 4220 364 4291 Eutyphr.
377 4237 404 4275 ο.
416 4238 456 4280 ta.
471 4240 500 4295 p.
510 4232 552 4295 58.
570 4222 613 4279 ed.
622 4225 706 4279 stre
714 4222 736 4279 h
745 4241 796 4281 er.
812 4220 1002 4296 ὁμολογυῑμιν
1014 4219 1047 4281 τὸ
1058 4220 1110 4295 μὲν
1122 4214 1200 4279 ὅσιον
