2792 4759
205 356 282 431 218
478 355 573 423 Para
596 352 648 421 11.
693 353 784 443 cap.
810 356 862 423 11.
913 344 947 445 §-
974 360 1034 427 64.

205 524 261 607 l’i.
282 538 365 620 tat,
385 536 418 601 t.
452 522 516 600 tet.
535 533 595 618 to,
615 534 660 601 2⁵
677 521 715 598 u
746 526 850 598 Rom.
871 542 903 619 t,
923 540 982 603 to.
1010 540 1070 603 aa.
1098 521 1175 601 cot
1196 532 1315 623 1,'15.

185 644 228 707 *a
245 628 344 703 Tim.
365 642 397 720 1,
415 639 473 702 tt.
503 641 635 720 σ,1σ.,
669 627 802 731 partim
826 627 901 730 ipsa
926 624 1156 729 spiritualitas
1179 628 1252 727 (10.
1275 643 1314 725 1,

209 746 254 809 25
275 727 334 829 ss.)
360 730 437 803 Deo
462 755 544 803 vere
568 728 809 803 vindicantur.
868 728 929 803 Ad
960 728 1160 805 intellectus
1191 732 1315 808 divini

204 832 379 906 attribute
399 831 552 905 refertur
572 835 840 926 omniscientia,
870 832 896 905 i.
914 858 946 904 e.
969 834 1025 904 vis
1045 834 1188 925 omnia,
1209 861 1310 934 quae

204 932 303 1027 sant,
336 934 603 1049 quaestorum,
629 958 793 1033 quaeque
807 934 928 1006 futura
941 932 1041 1024 lunt,
1074 934 1144 1006 [ihi
1162 960 1310 1037 reprae-

205 1033 377 1110 sentandi.
429 1036 531 1109 Hanc
547 1036 744 1128 notionem,
771 1036 935 1135 quamvis
949 1050 1094 1135 captum
1106 1034 1308 1110 humanum

200 1134 362 1237 superet,
386 1134 594 1209 studuerunt
607 1152 726 1210 tamen
740 1134 913 1236 theologi,
929 1138 1067 1211 ratione
1080 1135 1207 1211 hahita
1222 1166 1306 1213 cum
1376 1135 1377 1176 ³

199 1236 449 1331 subiectorum,
474 1238 672 1339 quaeDeua
689 1238 830 1336 cognita
843 1236 972 1330 hahet,
998 1239 1055 1312 vel
1067 1265 1126 1312 res
1136 1241 1304 1315 minimas

205 1338 460 1440 vilissimasque
472 1364 617 1433 curans,
636 1354 716 1413 tunt
729 1340 846 1431 modi,
862 1366 935 1439 quo
949 1337 1175 1414 haecomnia
1191 1344 1302 1433 novit,

204 1442 314 1515 variis
329 1441 536 1515 nominibus
551 1440 733 1541 explicare
743 1453 860 1541 'utque
876 1440 1060 1515 illustrare.
1111 1443 1234 1515 Divisa
1252 1444 1304 1515 est

204 1542 311 1637 olim,
345 1544 443 1651 quod
457 1542 634 1617 ambitum
651 1544 729 1617 eius
743 1544 890 1635 attinet,
920 1540 1020 1615 haud
1034 1544 1225 1617 litterariis
1242 1545 1302 1615 in-

203 1646 412 1739 commodis,
427 1644 659 1721 inscientiam
671 1648 916 1740 neceffariam,
932 1651 1081 1717 mediam
1090 1658 1124 1717 et
1135 1646 1294 1731 liberam,

204 1748 325 1843 naceff.
339 1746 365 1819 s.
382 1740 596 1837 annualem,
628 1748 653 1819 i.
669 1774 700 1821 e.
718 1772 816 1840 eam,
840 1771 919 1847 ⁴qua
934 1749 1032 1820 Deua
1049 1745 1156 1819 semet
1174 1746 1294 1846 ipsum

201 1864 239 1925 et
253 1874 309 1921 res
324 1846 482 1919 absolute
496 1847 675 1947 possibiles
689 1874 811 1921 omnes
824 1848 995 1948 perspicit
1009 1846 1083 1945 (ti.
1102 1856 1185 1939 147,
1201 1856 1236 1921 1.
1262 1858 1295 1921 5.

207 1966 224 2027 1
244 1950 324 2024 cor.
341 1964 374 2041 2,
395 1947 497 2047 11.);
511 1988 562 2002 ·-
587 1946 771 2023 scientiam
791 1956 947 2021 mediana
967 1950 994 2023 s.
1014 1950 1059 2022 de
1077 1949 1198 2021 hatum
1214 1972 1300 2022 con-

201 2051 376 2125 ditionata
399 2048 609 2147 (sutaribili
633 2075 654 2123 a
676 2050 902 2126 Scholasticis
923 2050 1072 2149 dicto),
1105 2076 1217 2151 (puae,
1253 2048 1299 2120 ab

201 2151 284 2227 aliis
302 2151 449 2225 scientia
470 2152 637 2253 smaplicis
657 2153 912 2253 intelligentiae
932 2155 1114 2226 nominata
1131 2151 1184 2249 ⁰),
1216 2176 1300 2253 pro-

199 2254 281 2359 prie
294 2276 377 2354 pars
391 2252 441 2327 est
456 2252 621 2327 scientiae
635 2252 853 2329 necessariae.
906 2255 1136 2357 Significatur
1149 2252 1220 2327 hoc
1235 2278 1300 2325 no—

200 2357 298 2433 rnine
319 2380 361 2429 ea
381 2352 546 2429 scientiae
567 2354 719 2456 species,
756 2382 828 2456 qua
847 2358 944 2431 Deus
965 2354 1144 2455 cognoscit
1167 2355 1298 2444 omnia,

204 2483 296 2577 quae
314 2456 435 2557 positis
450 2458 667 2557 quibusdam
681 2458 966 2550 conditionibus,
999 2458 1142 2531 evenire
1164 2456 1301 2557 potuis—

201 2560 296 2655 sent,
335 2560 381 2635 cf.
408 2560 811 2653 tSan1.2a,1o—1a.
845 2560 899 2634 rt.
919 2574 1001 2649 aaa,
1021 2575 1054 2635 2.
1079 2568 1114 2632 t.
1152 2559 1221 2632 lar.
1237 2573 1298 2648 aa,

205 2676 378 2740 tt—ao.
413 2660 543 2735 Ezech.
563 2678 597 2756 3,
616 2678 670 2753 6.;
688 2704 741 2717 —
763 2662 946 2735 scientiam
968 2664 1133 2747 liberam,
1165 2685 1187 2731 a
1208 2684 1299 2732 non-

198 2764 308 2837 nullis
332 2764 378 2836 sc.
397 2768 536 2859 vifionia
558 2764 712 2856 dictum,
746 2788 837 2863 (puae
857 2762 979 2835 adres
999 2763 1173 2864 pertinet,
1206 2786 1300 2861 quae

79 2936 81 2957 ,
200 2878 341 2967 praeter
362 2865 481 2936 Deum
504 2890 585 2936 vere
607 2862 698 2938 suut.
750 2866 850 2939 Haec
871 2863 922 2938 est
942 2863 1000 2935 vel
1022 2867 1300 2957 reminiscentia,

199 2990 273 3067 qua
290 2966 386 3039 Deus
407 2991 464 3038 res
485 2967 692 3065 praeteritas
709 2967 842 3067 optime
858 2967 975 3058 novit,
1002 2964 1060 3039 vel
1077 2970 1161 3060 visto
1177 2965 1298 3038 stricte

199 3068 248 3141 fic
270 3066 384 3159 dictu,
418 3092 491 3167 qua
517 3092 573 3139 res
599 3066 818 3168 praesentes,
852 3066 911 3139 vel
932 3070 1190 3162 praescientia,
1223 3091 1298 3165 qua

198 3194 257 3243 res
270 3167 407 3240 futuras
424 3166 602 3267 intelligit.
653 3170 803 3241 Ratione
824 3194 910 3240 vero
931 3167 1056 3240 hahita
1079 3168 1199 3261 modi,
1222 3192 1297 3266 qno

198 3270 296 3343 Deus
311 3268 431 3341 omnia
440 3272 545 3342 norit
552 3326 563 3363 ,
590 3269 735 3343 scientia
750 3271 827 3343 eins
841 3270 974 3343 dicitur
989 3276 1180 3353 intuitivae,
1204 3294 1299 3367 qua-

198 3386 301 3445 tenus
315 3370 448 3443 directe
472 3386 577 3471 atque
598 3372 802 3445 immediate
818 3386 981 3443 araturam
998 3398 1118 3445 rertnn
1133 3372 1294 3444 omnium

181 3474 375 3547 'internam
404 3472 590 3573 perspicit,
624 3476 858 3569 stntnltanea,
899 3472 997 3571 ‹purod
1022 3475 1141 3546 omnia
1167 3472 1295 3571 quovis

196 3589 357 3676 tempore
373 3575 438 3647 fibi
452 3574 726 3675 praesentissima
740 3573 851 3647 hahet
866 3572 989 3670 (Rom.
1007 3590 1040 3666 8,
1059 3590 1117 3650 29.
1144 3570 1239 3673 Eph.
1260 3586 1294 3663 1,

198 3685 234 3753 4.
263 3688 297 3753 5.
336 3676 449 3751 tUor.
470 3692 503 3770 2,
523 3676 596 3775 7.)‚
632 3680 906 3774 distinatiffim,
947 3678 1007 3748 cui
1033 3677 1086 3748 nil
1109 3675 1296 3749 corifus'nm

196 3767 312 3881 atque⁴
320 3778 509 3855 obscurum
523 3776 655 3874 (Heln.
675 3790 708 3872 4,
729 3777 828 3877 la),
854 3793 890 3851 et
903 3782 1096 3873 verrffima,
1123 3778 1182 3849 cui
1199 3773 1297 3847 nihtl

198 3884 280 3955 vitii
295 3897 329 3955 et
346 3881 475 3952 erroris
490 3880 692 3953 admixtum
703 3880 768 3953 cst.
798 3879 867 3975 (10.
887 3892 944 3971 17,
966 3894 1021 3955 17.
1050 3877 1142 3979 Eph.
1163 3893 1194 3969 1,
1212 3875 1295 3974 ta.)

198 3980 421 4057 Omniscium
434 3983 551 4054 Deum
566 3976 631 4053 elle
647 3982 840 4082 probamus
856 4006 928 4053 non
945 3979 1056 4053 solunt
1074 4008 1119 4051 ax
1135 3980 1215 4051 idea
1232 4000 1296 4051 ne-

196 4078 338 4157 ceisaria
356 4082 491 4155 ordinis
506 4108 627 4155 rerum
646 4081 784 4183 physici
800 4098 837 4155 et
851 4082 1013 4173 moralis,
1047 4082 1151 4155 cuius
1170 4096 1297 4153 auctor

196 4196 233 4253 et
255 4182 457 4255 moderator
471 4186 575 4259 ,Deus
597 4184 667 4277 est,
706 4186 771 4283 qui
794 4184 873 4257 talis
892 4184 1043 4283 cogitaui
1064 4183 1209 4257 omnino
1232 4206 1301 4256 nc·
