2792 4759
269 396 328 464 De
351 395 475 464 diviua
490 395 697 486 scripturae
713 395 753 486 s.
780 399 1000 466 auctoritate.
1113 403 1181 474 14⁹

105 563 149 634 s)
171 567 378 632 Oeonnuurln,
395 568 447 620 sen
461 567 592 621 inimoco
605 565 654 621 roi
667 567 741 622 θεοῦ
757 567 918 636 (loseph.
937 583 962 619 o.
978 565 1083 635 Apion.
1101 566 1124 616 1.
1146 568 1181 629 ι.)

149 649 277 718 proprie
292 661 432 722 occepta,
457 661 487 703 et
500 650 631 703 nominis
646 661 677 702 et
690 653 799 704 mentis
814 653 960 704 humanae
973 661 1108 704 nntnrem
1117 649 1181 717 spi-

150 735 273 786 rabilem
294 737 350 787 elie
369 735 487 803 innuit,
512 736 589 805 quod
609 733 727 804 qnitle'rn
745 737 916 788 notionibus
937 735 969 788 in
984 738 1013 789 V.
1028 726 1061 788 Τ.
1082 733 1181 802 pellim

148 819 288 887 exprellis
303 819 490 888 rudioribus,
509 841 535 872 v.
551 837 576 872 o.
591 820 665 872 Gen.
681 837 707 885 s,
722 835 746 889 γ.
772 822 832 874 Iob.
847 838 890 888 52,
905 830 931 881 8.
951 837 994 890 33,
1006 811 1035 888 ’4.
1062 817 1103 870 Pt.
1123 833 1180 882 104,

146 919 194 972 go.
210 904 282 958 satis
296 903 453 972 convenit,
472 905 594 960 minime
609 921 679 960 rere
694 903 846 958 doetrinae
861 905 898 958 N.
914 906 948 958 T.
963 901 1093 973 puriori,
1112 917 1181 954 cuns

149 991 365 1044 recuratione
380 989 584 1064 consentienti,

111 1113 146 1179 g)
166 1111 270 1182 Neque
282 1130 355 1165 vero
367 1111 422 1180 iis,
445 1127 519 1180 quse
533 1109 736 1164 Planokius
751 1111 784 1164 V.
796 1113 830 1164 V.
846 1109 960 1178 (Gessit.
978 1111 1028 1161 des
1039 1110 1179 1178 Chrislen·

102 1255 109 1264 ,
151 1196 258 1250 thum.
280 1199 364 1253 Giitt.
376 1207 452 1260 ¹818·
470 1199 493 1250 1.
511 1197 607 1250 Praei.
625 1214 653 1266 p.
661 1199 738 1265 XL),
756 1205 788 1248 ut
801 1194 999 1264 iulpirstionis
1013 1195 1182 1250 doctrinam,

148 1280 190 1348 ᾤ
203 1281 257 1334 illo
272 1282 347 1337 vitio
360 1280 484 1336 liberari
497 1281 578 1352 polio
593 1281 772 1348 ostenderet,
790 1280 905 1346 attulit,
924 1279 975 1332 isla
989 1279 1178 1349 reprehensio

150 1364 280 1420 tollitur.
317 1366 476 1432 nitenirn,
502 1375 637 1420 auctores
653 1365 893 1435 euangeliorum,
920 1365 1030 1420 etismli
1051 1365 1100 1419 eos
1119 1382 1178 1418 non

149 1449 205 1502 niti
218 1460 389 1505 narratores
400 1451 535 1504 humanis
549 1449 665 1504 dotibus
682 1450 836 1504 inllrnctos
857 1451 1001 1519 tellesqne
1022 1449 1057 1503 ed
1076 1450 1179 1502 burna·

149 1553 207 1588 nae
221 1537 409 1589 auctoritatis
423 1552 559 1589 normam
574 1548 694 1589 exectos
708 1536 765 1588 lide
779 1536 883 1604 dignos
899 1535 1110 1602 existimemus,
1135 1543 1179 1586 sa-

150 1637 218 1674 men
237 1622 360 1674 idoneos
382 1621 453 1686 elle,
476 1619 529 1689 qni
548 1620 635 1674 nobis
655 1621 788 1674 divinam
803 1631 831 1672 et
847 1619 1098 1689 supernaturalem
1113 1620 1180 1674 Iesu

150 1705 258 1758 curius
272 1705 479 1772 anctoritatem
491 1708 698 1774 persuadeant,
716 1723 806 1775 eaque
819 1705 945 1762 stabilita
958 1703 1181 1774 inspirationem

152 1807 269 1861 qnoque
280 1791 482 1860 Apostolorum
496 1807 531 1842 es
544 1789 595 1856 iis,
611 1809 687 1860 qnae
702 1792 779 1845 Iesus
792 1792 853 1861 ipse
868 1789 1089 1860 significaverit,
1109 1807 1180 1856 con·

149 1874 261 1928 firmari
282 1877 370 1944 posse.
407 1877 443 1926 At
463 1875 543 1927 enim
565 1875 586 1927 li
608 1874 795 1944 evangelistas
815 1888 847 1930 ut
866 1883 1034 1928 narratores
1050 1873 1178 1928 humone

150 1959 271 2012 modulo
288 1959 461 2026 metiamur,
480 1959 561 2012 nulla
576 1961 613 2012 eil
626 1961 728 2026 oanis,
749 1979 823 2030 quiae
835 1961 1008 2030 prohibeat,
1026 1967 1178 2014 ne'eerum

93 2053 99 2060 '
148 2043 336 2098 narrationes
351 2043 387 2094 de
402 2043 584 2099 revelatione
598 2053 627 2096 et
640 2041 835 2114 inspiratione
848 2045 883 2095 ad
898 2045 1011 2098 easdem
1025 2045 1104 2116 leges
1120 2047 1179 2099 eri·

148 2145 270 2198 gamus,
293 2144 366 2198 quas
380 2127 412 2180 in
426 2127 623 2180 diiudiosndis
643 2128 710 2180 aliis
730 2128 856 2180 oliorum
876 2129 1053 2198 populorum
1076 2147 1179 2186 uerru-

147 2215 298 2279 tionibns,
322 2230 397 2283 qnae
418 2213 456 2265 ed
475 2210 626 2266 billosiam
645 2210 800 2284 religionis
819 2211 987 2281 pertinent,
1012 2215 1176 2285 sequimur.

110 2337 114 2347 .
149 2302 252 2370 Neque
272 2316 341 2352 vero
362 2297 491 2368 intelligi
511 2297 620 2366 potell,
647 2315 700 2355 cur
715 2299 777 2350 illis
793 2307 909 2352 tantum
924 2298 1055 2352 absoluta
1071 2300 1177 2356 veritas

146 2382 324 2450 tribuenda,
350 2381 402 2434 hes
423 2399 493 2434 vero
513 2380 625 2449 mythis
646 2381 787 2451 venisque
808 2381 1001 2450 opinionibus
1022 2381 1126 2437 mixtus
1149 2397 1179 2438 et

150 2469 315 2535 implicatas
329 2469 384 2521 elie
398 2466 574 2518 censendum
589 2466 633 2517 lit.
671 2467 798 2518 Omnino
815 2467 947 2520 universa
967 2466 1126 2536 antiquitas
1142 2486 1177 2520 ex

149 2551 254 2606 multis
267 2550 412 2621 variisque
426 2548 558 2621 pertibus
578 2549 731 2601 arotillime
749 2552 828 2602 inter
846 2551 877 2602 se
898 2549 1038 2602 connexis
1053 2551 1176 2620 ponilst,

146 2655 207 2692 nee
222 2635 281 2689 olio
296 2637 378 2688 modo
394 2643 476 2687 reete
488 2633 618 2702 intelligi
639 2644 668 2686 et
686 2633 811 2686 iudicari
834 2633 943 2702 potest,
967 2633 1018 2684 nili
1033 2633 1107 2700 hoo,
1132 2643 1175 2702 ut,

147 2739 227 2795 quse
240 2721 271 2773 in
286 2718 403 2772 diversis
416 2717 535 2788 populis
550 2718 658 2770 similia
677 2718 765 2771 nobis
787 2727 946 2772 occurrant
966 2728 1016 2770 aut
1034 2715 1176 2770 limilibus

146 2807 365 2866 conditionibus
379 2805 457 2874 gella
473 2805 545 2873 lint,
570 2804 627 2856 live
646 2803 679 2855 in
700 2802 835 2870 historie,
862 2820 935 2874 qnae
950 2800 1060 2854 dicitnr
1071 2806 1175 2874 sacra,

143 2899 201 2950 lire
216 2893 344 2960 prosena
357 2891 449 2941 relata
465 2887 617 2956 legantur,
643 2887 728 2957 plene
742 2888 843 2942 eudem
859 2883 977 2940 ratione
992 2885 1175 2957 iudicentur,

144 2980 306 3047 eademqne
320 2975 403 3026 lonce
417 2971 626 3045 ponderentur.
810 2977 813 2985 “

174 3081 333 3132 Praeterea
347 3073 420 3128 illud
434 3071 538 3124 vitium
552 3071 805 3127 demonstrationis
819 3073 850 3128 in
864 3075 965 3130 orbern
979 3072 1129 3126 redeuntis
1142 3071 1173 3124 in

141 3166 259 3223 ratione
275 3179 292 3214 ι
305 3163 339 3212 V.
347 3161 380 3212 li.
395 3157 543 3228 proposita
556 3176 658 3227 perum
673 3158 794 3210 vitutum
809 3159 873 3225 elie,
889 3159 934 3211 rel
950 3159 1008 3212 hoo
1023 3159 1108 3212 rtiodo
1123 3170 1173 3227 ep·

140 3259 245 3322 paret,
262 3245 344 3316 quoti
356 3243 596 3311 evangelicarum
608 3245 812 3296 narrationum
828 3255 932 3297 rentes
946 3251 977 3297 et
991 3242 1078 3308 fides,
1097 3257 1171 3312 qnae

138 3333 299 3389 ridebatur
319 3346 374 3399 per
390 3329 421 3381 ss
441 3339 524 3384 certo
545 3321 605 3380 telo
627 3328 718 3391 liure,
743 3329 840 3398 polles
856 3339 955 3386 temen
972 3325 1172 3398 inspirationis

138 3414 318 3495 anctoritate
333 3413 429 3468 denuo
444 3413 589 3466 lisbilitur
601 3423 630 3465 st
641 3411 853 3468 confirmetur(

560 3593 592 3699 §.
620 3608 679 3680 43.

361 3758 862 3827 continuatio.
972 3791 974 3794 ·

172 3924 409 4026 Argumenta,
437 3925 569 4026 quibus
585 3922 750 4000 subtilior
766 3925 827 4002 illa
844 3922 1084 4025 inspirationis
1101 3920 1166 3994 do-
1224 3915 1227 3920 ’
1267 3977 1272 4004 ,

67 4029 186 4106 ctrina
200 4029 429 4103 ecclefial'ticu
444 4028 651 4128 impugnata
670 4044 704 4103 et
724 4053 834 4126 paene
850 4025 992 4127 explosa
1009 4023 1076 4113 est,
1103 4022 1165 4096 de-

66 4146 210 4232 promta
226 4131 307 4204 l'nut
325 4136 487 4223 primum
508 4157 556 4204 ex
579 4129 761 4204 uuiverl'ue
780 4133 967 4230 scripturae
987 4124 1011 4198 l‘.
1034 4124 1163 4214 irnlole,

65 4234 307 4333 quaepnstim
315 4256 482 4330 magnum
494 4233 680 4324 orationis,
708 4261 743 4308 v.
756 4259 786 4307 c.
799 4233 868 4306 Ex.
886 4245 945 4322 20,
957 4244 989 4304 2.
1009 4242 1046 4304 et
1059 4228 1163 4309 [tent.
