2792 4759
506 360 563 429 De
585 360 786 452 Religione.
892 356 896 363 ’
1149 381 1196 446 35

156 530 248 585 nautio
267 526 356 583 statui
373 526 484 597 potest,
508 526 568 582 [ive
580 529 640 597 ite,
664 539 700 583 ut
712 528 779 600 quir
792 530 931 585 notioner
946 550 1064 606 qnoque
1077 541 1113 594 ad
1126 543 1197 597 reli.

158 615 279 685 giouern
294 612 481 683 pertinenter
495 612 559 667 Deo
574 622 696 667 auctore
717 624 748 667 et
767 617 957 671 moderatore
977 638 1031 690 per
1051 624 1129 678 vireu
1148 646 1197 683 ra·

156 698 234 752 tioni
249 700 398 751 humanae
413 696 514 749 inlitas
529 696 650 768 eiurque
666 700 816 767 cogitandi
831 700 912 771 leger
926 707 1064 775 proprias
1079 710 1137 763 elle
1150 713 1197 767 in-

155 793 278 849 ventae,
295 793 398 836 auctae
413 789 443 834 et
457 780 551 836 uultur
566 782 681 835 iudicet
697 784 978 855 (Rationalismns),
1005 792 1062 844 live
1077 794 1138 863 ite,
1163 810 1198 853 ut

157 868 223 937 quir
238 868 358 921 eaedem
376 885 436 920 non
456 855 509 918 nisi
530 866 706 919 immediato
723 875 753 917 et
767 868 942 923 miraculoso
958 889 1132 950 omnemque
1148 899 1196 936 ra-

155 951 247 1005 tionis
260 952 406 1005 humanae
419 950 631 1004 auctoritatem
647 950 820 1004 excludente
835 954 891 1005 Dei
910 955 1082 1018 interventu
1098 964 1196 1023 homi.

157 1035 244 1089 nibue
258 1036 382 1090 traditan
396 1037 502 1089 llatuat
518 1034 682 1102 (Supernot.
698 1034 795 1086 stricte
810 1035 849 1089 lio
862 1030 981 1106 dietus).
1017 1048 1131 1119 Quihug
1143 1069 1198 1121 po.

157 1120 219 1173 fitia
240 1120 296 1191 ipli
317 1120 546 1188 Rationalijlae,
573 1116 652 1188 quod
673 1117 710 1169 ad
731 1116 891 1186 religionia
914 1126 1053 1181 obiectum
1067 1136 1195 1208 attinet,

157 1222 211 1275 pro
224 1206 304 1258 veria
322 1202 597 1273 Supernuturulijlis
617 1200 747 1254 habendi
769 1202 852 1272 lunt,
877 1220 972 1276 neque
986 1230 1054 1267 cum
1068 1218 1197 1275 Natura·

159 1290 227 1343 uuis
238 1289 449 1343 confundendi.
481 1291 577 1356 Atque
593 1286 720 1351 etiamsi,
737 1296 771 1337 ut
784 1285 834 1352 fit,
856 1289 1078 1352 Naturalismus
1090 1302 1133 1356 ita
1146 1306 1197 1359 de.

163 1374 260 1428 finitur
277 1374 388 1441 fuerit,
413 1381 448 1426 ut
461 1370 563 1424 ssleut
580 1371 725 1440 perruafio
743 1387 777 1423 en
793 1370 829 1423 de
843 1373 1011 1448 religione,
1036 1400 1126 1452 quae,
1148 1406 1197 1443 re·

163 1456 238 1511 ieota
254 1457 360 1527 quavis
375 1455 567 1511 revelationi·
588 1454 732 1524 notione,
757 1454 850 1509 lolam
871 1459 1000 1530 aliquam
1019 1468 1198 1538 religionem

159 1544 326 1597 naturalem
347 1551 464 1608 tuetur,
487 1540 704 1607 Rationalislaae
724 1549 824 1594 tumen
845 1561 862 1596 a
878 1546 1069 1619 Naturalistis
1088 1573 1123 1608 eo
1144 1575 1197 1627 po·

159 1625 298 1681 tillimum
317 1628 479 1691 recedunt,
511 1626 590 1694 quod
615 1622 663 1675 illi
690 1633 802 1677 certam
828 1630 1042 1689 revelationem
1067 1638 1198 1697 divinam

156 1728 226 1764 vere
241 1710 420 1777 admittunt,
445 1710 561 1763 adserta
581 1708 700 1779 quidem
719 1711 842 1764 rationia
860 1713 1004 1770 facultate
1024 1721 1100 1775 hauc
1115 1741 1199 1778 reve·

157 1794 302 1848 lationem
321 1792 516 1849 diiudicandi.
559 1794 647 1844 Bret
658 1792 787 1848 sohnei
798 1797 864 1850 der
881 1799 993 1857 Handb.
1014 1806 1042 1859 d.
1058 1808 1196 1877 Dogmat.

157 1897 184 1935 ς.
200 1880 231 1934 Α.
257 1882 281 1932 1.
306 1882 350 1946 46.
387 1884 495 1933 Verum
515 1894 552 1928 ne
571 1876 721 1929 finitiones
736 1877 790 1931 hac
804 1882 839 1934 de
854 1900 886 1936 re
901 1898 1037 1960 receptae
1056 1902 1198 1966 recteque

157 1965 211 2019 fibi
230 1966 380 2037 oppofitat
399 1960 614 2033 (neiuhud
631 1961 841 2033 Gestc'lndmffe,
858 1970 942 2036 scine
956 1974 1110 2042 Predt'gten
1126 1979 1196 2035 ὄιν.

158 2057 223 2121 95.)
241 2036 337 2104 denuo
352 2049 581 2115 conturbemur,
605 2046 636 2099 in
651 2047 767 2117 vulgari
776 2051 1056 2119 supernaturalismi
1070 2062 1198 2131 explica·

157 2138 242 2189 tione
254 2134 429 2203 theologica
442 2133 647 2187 luhfistendum
662 2134 836 2203 putavimus.
870 2139 1151 2213 Supernntvaraltjlae
1167 2156 1198 2201 at
1285 2171 1287 2180 ‚

158 2220 376 2289 Rationalisrae
392 2216 472 2270 ineo
490 2218 608 2287 quidem
623 2219 820 2286 conveniunt,
840 2224 919 2294 quod
931 2224 1027 2280 Deum
1042 2247 1096 2299 pro
1112 2232 1199 2287 ceula

159 2304 379 2375 supernaturali
394 2320 494 2355 rerum
509 2313 633 2358 naturae
648 2304 821 2373 legumque,
837 2308 941 2380 quibua
955 2329 987 2364 ea
1001 2314 1130 2384 regitur,
1146 2316 1198 2369 ha-

158 2389 256 2453 hent3i
278 2398 309 2441 et
328 2404 519 2459 quaecuuque
539 2387 571 2440 in
590 2405 691 2439 rerum
713 2398 819 2441 nature
842 2381 1013 2460 evenerint,
1043 2397 1080 2450 ad
1100 2400 1198 2453 Deum

164 2474 383 2544 providentem,
404 2484 437 2525 ut
451 2473 566 2524 ceulam
579 2472 763 2540 supremam,
785 2476 833 2529 vel
847 2476 1043 2545 efficientem,
1070 2482 1117 2533 vel
1130 2500 1198 2550 per·

166 2559 351 2623 mittentem,
373 2558 523 2621 referunt,
550 2565 580 2609 et
600 2558 631 2608 iu
653 2574 688 2609 eo
710 2556 868 2627 differunt,
894 2564 972 2631 quod
990 2562 1036 2614 illi
1059 2581 1081 2615 ι.
1099 2565 1197 2621 Deum

164 2658 372 2713 nonnunquam
391 2642 512 2697 subletia
532 2642 577 2694 hir
598 2640 716 2709 legibue
738 2640 771 2692 in
793 2659 893 2700 rerum
913 2658 1019 2698 natura
1040 2660 1198 2716 operatum

163 2732 237 2795 effe,
263 2738 293 2781 et
312 2746 346 2781 eo
367 2728 488 2799 quidem
510 2725 647 2793 confilio,
673 2734 707 2779 ut
721 2735 833 2779 certam
854 2729 1011 2797 religionis
1027 2733 1197 2792 doctrinam

160 2815 338 2884 eundemque
359 2814 502 2883 mysteriis
521 2813 703 2878 involutam,
728 2829 797 2864 oum
815 2813 904 2865 certis
923 2814 1093 2871 hominibus
1114 2838 1196 2876 com·

157 2900 343 2963 municaret;
370 2916 396 2953 2.
413 2899 580 2965 doctrinae,
606 2897 784 2967 quaerundo
800 2896 854 2950 illo
872 2901 1089 2968 supernaturall
1112 2916 1196 2974 pete·

156 2986 237 3038 iacta
252 2995 391 3055 putatur,
410 2984 520 3035 seclusa
536 2983 661 3035 rationis
677 2981 856 3036 auctoritate
871 2984 906 3036 ab
921 2984 1092 3043 horninibus
1105 2992 1195 3048 fidem

156 3072 324 3125 habendam
340 3071 412 3137 esse,
430 3068 630 3131 contendunt;
657 3068 687 3118 hi
702 3076 806 3118 eontra
824 3084 846 3119 a.
864 3068 960 3122 Deum
974 3072 1192 3144 providentem,

154 3156 279 3209 minime
303 3154 426 3206 sublatis
448 3162 569 3205 naturae
590 3150 707 3221 legibus
726 3151 759 3202 in
778 3168 877 3203 rerum
897 3165 1003 3207 nutura
1024 3168 1192 3227 operatum,

154 3240 318 3295 nonruilloe
339 3238 476 3291 homines
498 3254 568 3305 pree
589 3237 694 3288 ceteris
717 3236 852 3291 excitasse
874 3238 911 3289 ad
931 3255 1016 3291 verae
1035 3241 1192 3311 religionis

154 3324 304 3396 principia
323 3324 525 3390 cognoscenda
543 3340 633 3392 euque
650 3323 713 3374 aliis
728 3322 884 3388 trudendo,
909 3322 1033 3389 doceut;
1061 3343 1086 3381 α.
1104 3328 1193 3383 [anae

153 3410 265 3465 rationi
286 3409 462 3460 facultatem
478 3407 628 3459 vindicant
648 3405 803 3475 religionis
818 3405 981 3461 doctrinam
1000 3411 1193 3481 qualemcun-

156 3516 212 3568 que
233 3515 249 3549 e
269 3492 452 3548 revelatione
467 3492 587 3560 opinata
602 3492 817 3559 supernaturali
831 3492 993 3545 derivatum
1008 3492 1191 3548 diiudicandl

157 3584 276 3651 eiueque
292 3587 499 3648 argumentum
513 3594 573 3629 non
586 3576 639 3628 nili
656 3576 692 3629 ad
705 3575 787 3650 leges
803 3576 952 3646 cogitandi
966 3581 1128 3653 egeudique
1142 3595 1190 3634 ra·

158 3666 230 3717 tioui
244 3664 344 3718 inlitas
360 3672 496 3717 eructum
509 3661 664 3735 probandi.

129 3800 161 3869 l>
179 3800 214 3853 G.
230 3802 313 3854 Leti
332 3802 378 3855 uh.
395 3801 442 3853 die
456 3800 609 3867 Religion,
629 3798 691 3851 ihre
707 3798 824 3866 Gesclu,
848 3800 933 3854 Wnlzl
947 3820 975 3852 u.
990 3797 1187 3869 llasllltigung·

161 3902 187 3940 e.
202 3886 282 3951 Aust.
302 3886 376 3953 1786.
395 3886 425 3938 ll
436 3886 509 3938 Bde.
529 3886 553 3936 l.
576 3886 627 3939 ill.
666 3884 703 3941 G.
717 3886 749 3938 F.
763 3886 892 3939 Seiler
906 3888 951 3939 ill.
965 3888 1013 3936 die
1027 3886 1190 3952 glunicken

162 3968 409 4038 Offenbnrungm,
433 3968 629 4023 vornelrmlicli
644 3970 707 4037 die,
728 3972 833 4022 welche
847 3970 927 4037 Jesus
945 3970 1002 4021 und
1016 3971 1063 4023 die
1076 3970 1189 4039 Apoflrl

159 4054 330 4124 empsongen
344 4057 445 4109 bulen.
465 4052 615 4123 Erl.'1796.
633 4069 676 4122 97.
695 4056 725 4106 11
740 4055 809 4108 Bde.
846 4055 972 4108 uento
988 4053 1025 4105 Ν.
1037 4055 1187 4123 Mogaein.

154 4141 193 4193 11.
213 4156 263 4209 59¹
279 4139 312 4193 Π.
353 4140 420 4191 Uel.
436 4140 481 4189 elie
496 4137 629 4205 Grllnrle,
650 4140 755 4192 welche
770 4158 824 4193 uns
841 4138 1035 4203 bettelingen,
1055 4140 1117 4193 eine
1133 4136 1188 4209 Os·

151 4226 315 4297 sculumug
331 4222 534 4279 anaunrltmm·
569 4220 674 4279 lllatt
690 4221 873 4295 Maurius.
889 4222 1004 4295 curisti.
1019 4224 1186 4297 Dogmatil.

747 4312 824 4390 Gt
