2792 4759
193 301 269 368 saa
421 292 640 365 raan.
688 291 835 384 capr.
881 277 916 386 t.
946 303 1026 366 rsa.

192 469 270 566 tpne'
285 464 418 538 reiecto
438 461 632 536 Chisiasmo
653 462 818 560 duriore,
853 465 967 536 camis
984 461 1297 555 resurrectionem,

192 570 268 638 iam
287 565 371 637 iude
390 589 412 636 a
430 563 718 638 rei'Ghristianae
737 565 945 666 primordiis
962 565 1137 638 nonnullis
1154 568 1298 666 impro-

193 668 317 740 batam
337 666 379 764 (t
398 667 479 742 Cor.
499 677 555 761 15,
579 666 659 765 12.)
681 663 738 763 ⁵),
780 665 974 740 firmissime
1000 682 1213 758 tenuerunt,
1249 667 1297 738 de

195 767 398 844 conditione
424 783 543 841 autem
572 771 713 844 animae
738 795 758 842 a
780 795 930 870 corpore
958 767 1135 868 separatae
1165 767 1212 840 ad
1236 793 1297 840 re-

195 871 447 944 surrectionem
462 895 576 972 usque
590 868 711 942 futura
727 872 827 944 varia
845 869 965 942 velex
981 867 1125 942 venistis
1145 868 1190 942 de
1211 895 1297 942 orco

197 971 429 1072 opinionibus
463 972 709 1071 repetierunt,
760 971 817 1044 vel
853 996 946 1044 nora
977 971 1162 1046 finxerunt
1198 997 1296 1044 com-

194 1088 333 1164 menta,
358 1097 451 1172 quae
465 1069 717 1146 homiletarum
775 1071 1058 1172 andiloqueutia‚
1083 1071 1295 1146 clericorum

196 1173 504 1274 superstitionibus
530 1189 566 1248 et
590 1099 815 1248 hiemrcsbe
840 1173 1073 1248 exstruendae
1099 1197 1142 1248 ac
1167 1174 1294 1248 confir-

197 1275 348 1350 mandae
369 1274 486 1348 studio
510 1275 661 1350 mirifice
680 1291 852 1350 exornata
876 1275 955 1348 sunt
986 1291 1093 1376 atquc
1116 1300 1293 1348 commen-

196 1377 292 1450 data.
352 1378 435 1450 Huc
460 1374 587 1450 referri
640 1373 752 1450 ossant
779 1379 965 1478 opiniones
990 1377 1034 1452 de
1059 1375 1152 1450 statu
1178 1377 1293 1450 medio

181 1481 401 1566 ⁴animorum
425 1503 448 1551 a
472 1404 685 1578 corporibus
706 1479 945 1554 seiunctorum
960 1477 993 1578 ί)
1015 1478 1197 1576 variisque
1221 1482 1294 1550 ani-

198 1607 341 1672 morum
364 1580 596 1682 receptaculis
613 1579 670 1679 Ι),
712 1581 757 1653 de
784 1583 866 1680 igne
895 1581 1101 1682 purgatorio
1122 1577 1174 1678 θ),
1215 1607 1297 1655 cum

199 1683 333 1785 quibus
353 1698 492 1755 mature
514 1683 705 1756 coniuncta
719 1679 806 1756 sunt·
818 1682 1103 1756 aliaconrmenta
1119 1682 1163 1754 de
1179 1685 1298 1784 preci-

197 1786 268 1858 bus
283 1800 318 1856 et
330 1783 438 1856 donis
452 1783 700 1857 defunctorum
719 1784 758 1855 in
776 1783 879 1856 usum
898 1781 1104 1876 offerendis,
1128 1783 1173 1855 de
1187 1785 1294 1856 inro-

198 1887 337 1960 catione
359 1885 579 1977 sanctorum‚
641 1886 680 1956 ui
697 1883 795 1986 apud
809 1886 927 1959 Deum
947 1886 1023 1957 iam
1042 1883 1208 1958 versantes
1230 1887 1287 1958 in-

197 1985 377 2060 tercede're
402 1984 468 2088 pro
491 1911 693 2059 virentibus
714 1985 952 2087 putabantur,
985 2002 1021 2060 et
1043 1985 1086 2060 de
1108 1986 1290 2058 animabus

198 2087 276 2190 ‘post
291 2102 442 2161 mortem
457 2087 606 2162 interra
621 2087 886 2188 apparentibus.
936 2088 1120 2161 Praeterea
1132 2089 1240 2162 etiam
1252 2087 1295 2159 de

198 2191 412 2290 migratione
425 2189 547 2262 sutura
559 2191 671 2263 animi
687 2191 728 2262 in
742 2189 812 2262 alia
827 2215 975 2291 corpora
992 2183 1297 2286 (μετσπυμᾶτὰσις,

199 2290 471 2390 μετιμψῦχασις)
487 2290 530 2389 f)
554 2306 589 2365 et
612 2291 656 2364 de
675 2290 811 2364 somnio
829 2292 905 2364 eins
926 2289 1189 2388 diuturniore(
1262 2321 1298 2364 a·

199 2390 392 2489 canuxia),
418 2393 561 2466 dirersis
575 2393 796 2494 temporibus
810 2395 1004 2494 cogitatum
1017 2391 1068 2466 est
1081 2393 1131 2492 ε).
1173 2395 1298 2467 Sacro-

200 2521 284 2568 rum
299 2493 559 2588 emendatores,
591 2495 756 2596 plurimis
771 2493 918 2596 quidem
931 2491 1064 2568 horum
1079 2509 1298 2569 commento-

199 2623 283 2670 rum
306 2595 520 2696 repudiatis,
553 2622 626 2668 uon
647 2596 793 2670 omuino
816 2611 935 2669 tamen
955 2593 1053 2671 hunc
1073 2597 1193 2670 locum
1214 2621 1295 2696 per-

226 2713 418 2797 negarunt,
444 2697 663 2797 quosactum
676 2695 743 2791 ost,
768 2713 809 2772 ut
822 2699 954 2799 partim
967 2723 1059 2772 nova
1073 2723 1184 2797 eaque
1197 2697 1293 2768 varia

199 2725 271 2873 bac
286 2800 331 2871 de
348 2825 388 2872 re
399 2799 647 2900 spargerentur
659 2798 814 2892 somnia,
840 2801 972 2900 partim
985 2799 1144 2873 docmina
1154 2795 1293 2870 schola-

199 2927 281 2974 rum
296 2898 577 3000 theologicarum
589 2901 735 3002 publica
750 2901 893 2976 diversis
908 2927 949 2976 ac
965 2900 1168 3002 gravissimis
1184 2923 1296 2996 argu-

199 3001 329 3074 mentis
345 3002 635 3101 impugnaretur,
665 3029 732 3076 nec
753 3005 818 3076 nisi
836 3005 1023 3080 recentiori
1038 3016 1150 3076 aetate
1171 2999 1300 3074 sensim

200 3101 449 3178 emendaretur
467 3102 515 3202 ¹¹).

299 3274 385 3327 Dav.
398 3269 556 3328 Blondel
571 3269 671 3326 Troici
682 3272 715 3325 de
729 3274 759 3326 sa
773 3275 892 3327 cre'ence
903 3277 952 3327 der
961 3274 1052 3342 pirae,
1067 3273 1205 3328 touchant
1218 3271 1303 3324 s'dtat

268 3359 318 3409 stes
331 3375 409 3410 ames
427 3359 509 3427 apres
526 3372 597 3412 cette
609 3360 654 3410 vie
670 3381 721 3413 -.
745 3357 925 3413 Charentes.
942 3361 1018 3428 1651.
1037 3375 1066 3428 4.
1101 3359 1303 3425 Beumger-

205 3461 231 3479 ¹·
265 3451 330 3497 ¹ten
346 3441 418 3496 triu.
432 3445 528 3497 doctr.
545 3445 580 3496 de
593 3443 667 3496 batn
682 3443 845 3498 animarum
857 3447 986 3512 separat.
1005 3445 1044 3498 H.
1062 3458 1137 3512 ²754.
1173 3441 1307 3494 Teller

267 3524 353 3582 uites
369 3524 569 3594 dogmatistis
581 3528 799 3582 resurrectione
812 3527 912 3582 carnis
931 3545 986 3598 per
1001 3537 1131 3597 quatum
1148 3526 1251 3594 prima
1263 3527 1307 3578 se-

241 3623 246 3633 ’
267 3611 345 3666 cusa.
371 3610 407 3663 Η.
423 3621 453 3662 et
466 3611 586 3666 Henna.
603 3612 678 3681 1766.
715 3613 878 3666 Gorrodi
893 3613 1061 3680 Gescdt'clrte
1074 3613 1102 3666 d.
1119 3613 1307 3666 cattinum.

265 3692 774 3764 MiinscherDogmengescsr.Is.
811 3697 1122 3750 Wundemenn'll.
1158 3696 1308 3766 Flrigge

268 3779 367 3849 Gescst.
384 3779 409 3828 d,
425 3779 516 3831 Lelrre
531 3796 592 3829 vom
605 3779 744 3846 Zujiandc
758 3783 806 3833 der
817 3779 971 3848 Mensesren
985 3781 1060 3833 nursi
1074 3781 1102 3833 d.
1121 3778 1197 3832 Tarte
1215 3783 1247 3833 in
1261 3785 1308 3834 der

268 3863 515 3932 Christi.ssircsre.
542 3861 655 3915 arare.
679 3865 714 3918 L.
731 3881 806 3936 ¹299·
830 3872 903 3924 ¹8⁰0·
929 3863 1134 3931 (v011.111.et
1152 3863 1306 3916 turturi:

266 3949 367 4012 Gessit.
388 3947 436 3997 des
451 3946 595 3998 Gsaubens
616 3963 652 3994 ou
670 3945 930 4014 Unfierdlr'esdseit.)
972 3945 1124 4016 Augusti
1144 3947 1307 4015 Dogmeug.

210 4045 232 4112 ιι
265 4032 360 4101 53ns1'.
397 4029 608 4098 Backsffoss.
628 4031 718 4097 9141'.

209 4172 215 4178 -
231 4136 264 4201 a)
280 4133 663 4196 Defensotilsuacbiliasmi
678 4135 717 4205 (5.
732 4153 789 4206 ¹44·
808 4154 837 4200 rt.
852 4140 891 4207 c.)
910 4135 1114 4218 antiquissimis
1127 4151 1192 4204 vuun
1208 4135 1307 4190 iolurn
