2792 4759
511 374 571 445 De
593 374 800 465 Religion&
1161 382 1210 451 ⁴⁸

107 544 348 649 providentiae
367 541 590 619 documentis
609 544 754 619 adiutus
775 560 812 620 et
829 542 951 620 sancto
965 543 1123 645 quodam
1137 545 1212 621 fer·

108 676 184 721 vore
207 648 336 749 plenus
358 661 393 718 et
415 646 560 763 virtutis
582 648 798 751 pietatisque
817 648 933 719 studio
950 648 1129 721 excellens
1145 648 1212 723 do·

108 752 237 823 ctrinae
256 775 341 821 vere
363 747 506 821 divinae
533 776 558 823 ι.
582 776 611 823 e.
641 776 707 851 per
727 750 763 823 l'e
784 775 889 823 verae
909 750 1058 849 Deoque
1081 748 1212 851 dignae

106 848 237 947 lentina
265 847 455 951 sparserit3
497 876 539 925 eo
563 851 683 923 verius
713 852 810 951 apud
838 850 927 924 alios
953 848 1119 925 homines
1144 852 1212 925 do-

106 955 211 1029 ctoris
235 952 298 1024 seu
320 952 427 1051 legati
452 950 569 1025 divini
590 954 802 1027 auctoritate
824 952 974 1053 p'ollelrit
989 950 1038 1051 ¹).
1090 953 1214 1054 Atque

105 1058 186 1129 linis
214 1052 326 1127 huius
354 1052 580 1127 revelationis
609 1070 706 1129 recte
730 1054 864 1127 dicitur
885 1054 1048 1127 educatio
1069 1056 1211 1155 generis

105 1156 255 1231 hnmani
287 1154 334 1227 ad
361 1154 510 1229 salutem
532 1156 641 1257 iplius
671 1154 962 1257 promovendam.
1020 1156 1211 1249 Quaecun-

106 1286 177 1359 que
205 1282 290 1330 vero
319 1283 403 1331 cum
432 1258 609 1330 eiusmodi
635 1258 809 1355 religione
837 1257 992 1329 revelata
1020 1260 1211 1333 coniuncta
1254 1272 1257 1276 '

106 1360 238 1434 luerint
258 1374 401 1431 narrata
419 1359 629 1432 miraculosa
652 1374 759 1459 atque
782 1364 967 1456 mysteria,
992 1359 1038 1431 ad
1054 1361 1211 1459 origines

106 1462 283 1535 naturales
304 1474 340 1533 et
360 1462 574 1561 cognitionis
591 1460 771 1535 humanae
789 1487 912 1534 veram
932 1458 1088 1533 indolem
1107 1486 1212 1533 revo-

108 1564 220 1639 canda
241 1564 331 1635 lunt.

206 1664 330 1758 Quum
350 1664 445 1737 iuter
465 1690 587 1739 omnes
609 1662 788 1741 humanae
811 1662 980 1739 scientiae
1003 1679 1121 1765 partes
1151 1689 1212 1737 oo-

104 1770 226 1867 gnatio
242 1766 419 1866 quaedam
436 1769 648 1860 intercedat,
675 1770 755 1841 fieri
777 1793 849 1840 non
871 1769 1007 1868 potuit,
1034 1768 1125 1866 quin
1143 1792 1211 1839 ex-

105 1870 211 1943 cultis
225 1870 270 1941 de
286 1869 421 1940 mundo
437 1867 489 1966 ³),
517 1870 561 1943 de
578 1885 703 1943 natura
720 1868 878 1942 humana
894 1871 1044 1968 aliisque
1061 1868 1211 1961 notitiis,

103 1972 274 2045 rectiores
293 1996 436 2071 quoque
454 1972 497 2043 de
514 1973 685 2071 religione
702 1973 893 2045 sententiae
916 1974 955 2044 in
979 1973 1088 2071 iplius
1105 1969 1212 2063 Chri-

104 2074 238 2145 stianae
251 2072 413 2145 ecclesiae
429 2074 505 2145 linu
520 2089 664 2147 exertae
680 2090 787 2174 atque
801 2073 1015 2175 propagatae
1030 2074 1114 2165 fint;
1138 2098 1211 2173 quo

105 2176 200 2249 iacto
216 2174 437 2273 antiquiores
453 2174 498 2247 do
512 2176 727 2251 revelatione
742 2192 777 2249 et
791 2202 896 2249 coeca
912 2176 982 2247 tide
996 2174 1213 2275 scriptorum

105 2276 335 2377 quorundam
355 2278 559 2349 auctoritati
581 2278 786 2351 adhihenda
800 2279 985 2378 opiniones
1001 2275 1212 2349 hominihus

106 2379 250 2450 veriore
274 2377 416 2450 leientia
439 2380 589 2451 imbutis
610 2382 764 2481 amplius
791 2380 991 2451 latislacere
1021 2390 1209 2477 nequeant.

108 2480 238 2577 ltaque
254 2484 505 2551 Rationalismi
528 2481 599 2555 hoc
624 2510 713 2583 opus
732 2482 799 2573 cl't,
826 2496 884 2573 ut,
912 2480 1009 2580 quml
1029 2504 1133 2549 verae
1154 2504 1213 2549 re-

110 2580 260 2680 ligionis
282 2580 435 2676 interest,
472 2611 555 2658 cum
577 2583 848 2684 disciplinarum
875 2580 1104 2655 incrementis
1127 2603 1213 2668 cpu-

109 2674 274 2773 effletur,
301 2698 462 2785 recteque
484 2686 649 2759 dil'tinota
671 2683 815 2758 ellentia
836 2699 871 2757 et
892 2684 1025 2771 l'ornra,
1053 2694 1214 2753 aeterna-

107 2812 181 2885 que
203 2785 284 2858 idca
306 2786 353 2859 ah
375 2790 452 2861 eius
473 2790 689 2891 temporario
710 2786 868 2886 quodam
881 2785 1078 2857 velamento
1095 2780 1213 2853 leina-

110 2904 184 2980 οἵα,
213 2888 440 2962 revelationis
462 2893 561 2963 notio
584 2917 625 2963 eo
646 2892 755 2963 modo
776 2889 1005 2978 informetur,
1032 2886 1097 2984 qui
1117 2897 1215 2955 aeta-

110 2990 155 3061 tis
176 2990 316 3063 nostrae
336 2991 535 3065 luminibus
555 2992 783 3093 respondeat,
817 3005 858 3063 ut
879 2990 1033 3088 denique
1054 2984 1129 3087 ipsa
1151 2985 1214 3057 illa
1327 3076 1335 3092 ⁶

111 3092 340 3191 perfectionis
356 3094 536 3191 germina,
564 3120 654 3194 quae
671 3095 710 3169 iu
727 3094 912 3187 eallateut,
938 3090 1113 3190 sapienter
1130 3087 1214 3187 qui·

109 3192 192 3265 dem
214 3208 250 3265 et
274 3194 321 3265 ad
342 3211 487 3295 captum
506 3195 696 3270 hominum
714 3194 993 3269 erudiendorum
1010 3214 1214 3265 accommo-

110 3294 211 3387 date,
239 3296 459 3394 areligionis
475 3298 682 3373 doctoribus
695 3298 933 3398 explicentur.
961 3334 1013 3349 -
1050 3292 1216 3366 Ceterum

111 3402 454 3491 Supernoturalismi
477 3416 511 3473 et
532 3405 793 3473 Rationalismi
813 3396 998 3493 lyltenrata
1022 3398 1097 3467 iam
1124 3418 1216 3493 pau-

111 3501 164 3573 cis
179 3500 376 3601 descripta,
402 3502 486 3575 licet
507 3504 607 3575 vario
629 3501 736 3574 modo
757 3500 915 3601 theologi
938 3495 1136 3599 copulanda
1158 3490 1217 3563 rel

111 3600 366 3674 contundenda
389 3604 627 3679 iudicaverint
643 3602 706 3703 ί),
739 3604 826 3677 adeo
849 3603 918 3675 libi
938 3600 1020 3674 lunt
1044 3594 1216 3697 oppolita,

114 3716 176 3791 ut,
204 3701 396 3777 dummodo
411 3706 477 3779 libi
493 3707 668 3799 constent,
696 3706 882 3781 conciliari
899 3704 994 3777 inter
1014 3700 1048 3775 le
1068 3695 1217 3769 omuino

114 3819 305 3902 nequeant.
358 3806 483 3881 Nihilo
502 3810 622 3883 minus
646 3810 833 3908 utriusque
850 3802 1045 3901 systematis
1061 3800 1217 3871 fautores

112 3905 154 3978 in
170 3905 280 3978 rebus
292 3910 521 4007 gravilhmis,
544 3936 635 4011 (quae
650 3910 697 3983 ad
709 3934 831 3982 veram
845 3910 1014 4009 pietatem
1028 3898 1218 3974 fovendam

112 4008 356 4111 virtutemque
374 4012 543 4085 tuendam
558 4012 755 4114 pertinent,
781 4036 873 4111 quae
889 4006 1036 4109 quidem
1054 4028 1141 4103 prae
1159 4027 1219 4075 ce-

113 4110 200 4182 teris
217 4110 257 4183 in
274 4112 496 4189 institutione
514 4114 678 4217 populari
695 4112 789 4187 tradi
805 4128 840 4187 et
854 4111 902 4182 ad
917 4108 1022 4191 ulum
1033 4101 1220 4179 transferri

115 4210 249 4287 debent
257 4269 269 4307 ,
295 4218 431 4318 optime
446 4218 539 4293 inter
553 4219 589 4291 te
606 4218 796 4291 convenire
815 4210 966 4317 pellunt.
