2792 4759
232 363 296 432 De
311 362 430 431 lbet.
446 361 564 453 dogm.
571 360 666 455 syss.
683 375 774 430 recte
790 369 1033 456 componendo.
1135 373 1185 441 85

90 561 160 612 sum
180 533 311 609 verne
339 533 388 606 u»
417 533 502 634 ipss
530 533 678 634 prorae
709 515 892 609 reuisere
918 499 1061 636 prorem
1091 533 1181 611 runs.

88 636 207 729 Quodsi
230 661 323 708 rere
343 634 413 709 hac
432 636 493 707 ria
509 635 792 734 ingredientibus
810 636 916 710 nobis
933 663 1004 710 non
1020 638 1182 710 omnium

87 739 273 838 scripturae
291 736 319 809 s.
338 738 517 810 dictorum
532 736 737 809 eonsensum
752 737 952 812 absolutum
970 753 1077 838 atque
1110 765 1180 812 rer·-

85 841 205 912 lectum
226 837 422 938 agnoscere
436 838 540 928 licet,
572 837 680 930 adeo,
706 852 748 912 ut
762 841 881 938 potius
897 841 1015 912 varios
1031 841 1075 912 de
1090 766 1180 940 ‹log-

84 939 228 1012 matibus
241 939 657 1039 quibusdamdoctrinae
668 953 774 1039 typos
786 937 934 1038 (τρόπους
948 939 1105 1037 παιδείας)
1121 942 1179 1014 in-

80 1043 257 1113 veniamus
271 1039 334 1138 ι),
359 1066 450 1140 quos
466 1040 654 1142 scriptores
667 1039 726 1132 ll'.,
753 1067 826 1114 non
842 1043 987 1114 omnino
1008 1041 1074 1114 fibi
1091 1066 1178 1116 con-

81 1141 215 1236 slantes,
255 1143 340 1214 Deo
371 1140 447 1242 ipso
474 1143 718 1242 permittente,
760 1141 807 1214 ad
833 1143 976 1241 ingenia
1004 1141 1177 1218 lectorum

83 1242 162 1316 bene
178 1243 405 1335 exercenda,
438 1242 704 1342 proposuerint,
738 1257 774 1316 et
797 1269 950 1342 quorum
973 1243 1036 1316 alii
1057 1245 1176 1317 notio-

83 1371 136 1418 nes
153 1371 194 1420 ac
217 1345 414 1418 sententias
435 1369 522 1416 aero
541 1341 742 1417 Christiano
764 1343 962 1444 divulgatae
987 1345 1175 1444 eidemque

82 1445 153 1519 latis
174 1446 465 1520 accommodatas
487 1443 663 1537 referunt,
697 1446 761 1519 alii
784 1447 967 1548 puriorem
988 1445 1172 1545 religionis
1253 1475 1259 1488 ·

81 1546 270 1622 doctrinam
288 1546 485 1639 exhibent,
512 1547 680 1620 omnibus
701 1549 862 1620 omnium
881 1563 1082 1649 temporum
1104 1544 1172 1620 ho-

81 1650 227 1722 minibus
249 1649 499 1752 probandam
537 1663 579 1720 ut
600 1675 708 1750 porro
729 1650 840 1722 multa
863 1651 1081 1751 reperiamus
1105 1673 1172 1722 ex-

79 1751 201 1851 plicatu
217 1749 455 1844 difficillima,
481 1751 556 1822 imo
572 1751 759 1842 nonnulla,
793 1775 884 1850 quae
906 1751 979 1852 ipse
1000 1749 1170 1849 Origo·-

80 1877 148 1925 ues
169 1855 224 1927 eis
244 1855 371 1940 ἰληθῆ,
395 1846 514 1940 ἄλογα,
538 1851 591 1926 nal
607 1851 744 1926 abssas-a
766 1851 884 1926 dicere
905 1849 1002 1926 haud
1023 1851 1169 1924 dubita-

81 1955 126 2025 rit
140 1952 194 2052 ⁵):
234 1981 363 2028 eorum
384 1953 603 2054 potissimum
628 1953 829 2054 analogiam
850 1967 886 2029 et
909 1953 1168 2028 consensionem

80 2053 222 2129 studiose
242 2056 435 2156 anquirere
455 2069 562 2154 atque
582 2055 622 2126 in
642 2054 747 2128 usum
767 2070 970 2129 convertere
984 2055 1167 2147 debemus,

80 2182 187 2255 quae,
226 2169 294 2259 per
315 2157 351 2228 se
370 2155 454 2229 satis
474 2155 680 2257 perspicua,
717 2182 800 2230 vere
822 2157 938 2231 divini
959 2157 1039 2229 sunt
1058 2181 1166 2256 argu-

80 2260 204 2352 menti,
238 2273 414 2359 qnatenus
434 2255 567 2331 scilicet
588 2283 670 2332 cum
687 2282 770 2330 vera
788 2260 947 2332 numinis
967 2273 1014 2331 at(
1028 2283 1073 2330 ue
1091 2258 1167 2328 vir-

80 2361 163 2431 tutis
177 2361 256 2434 idea
273 2361 387 2433 menti
403 2357 539 2432 nostrae
560 2385 580 2430 e
595 2361 671 2433 Deo
686 2360 787 2432 insita
802 2358 836 2460 ¹)
854 2373 889 2432 et
908 2385 972 2460 per
987 2285 1166 2432 Clitistum

82 2459 328 2560 Apostolosque
344 2460 550 2536 confirmata
567 2458 637 2557 (lo.
655 2471 690 2553 4,
710 2469 768 2536 24.
796 2463 876 2534 Act.
897 2476 954 2551 17,
973 2474 1031 2537 27.
1058 2459 1163 2532 Rom.

84 2575 120 2651 2,
138 2569 194 2634 14.
220 2573 276 2637 15.
313 2564 434 2636 tPetr.
456 2577 489 2655 1,
511 2560 591 2660 15.)
618 2576 653 2633 et
681 2588 765 2635 cum
788 2561 970 2659 religionis
997 2557 1166 2632 omnibus

82 2663 238 2736 omnium
262 2679 459 2764 temporum
483 2661 693 2736 hominibus
717 2661 907 2736 destinatae
931 2657 1079 2758 (Matth.
1104 2671 1163 2750 28,
1278 2741 1283 2762 1

85 2776 138 2839 18.
166 2763 244 2864 19.)
267 2765 385 2838 indole
407 2765 499 2838 bene
521 2765 756 2856 conveniunt,
790 2778 851 2836 aut
871 2761 1039 2836 historica
1058 2775 1166 2860 atque

81 2861 266 2958 symbolica
282 2867 437 2968 quadam
450 2867 598 2959 ratione,
614 2865 661 2938 ad
674 2866 861 2940 mdiorum
876 2864 1092 2966 potissimum
1107 2863 1166 2934 in-

81 2969 255 3064 geniomm
271 2983 415 3068 captum
429 2967 713 3062 accommodata,
745 2993 849 3042 verae
866 2965 1048 3066 religionis
1068 2963 1167 3040 ideas

80 3084 153 3168 apte
164 3069 379 3144 adumbrant
394 3067 441 3168 l).
477 3067 598 3162 Quum
612 3071 708 3144 enim
722 3069 880 3169 theologi
895 3069 1166 3167 omnitempore

80 3167 198 3244 srulua
213 3173 253 3246 in
268 3197 313 3245 eo
328 3169 606 3262 elaboraverint,
631 3186 672 3243 ut
686 3171 841 3246 diversos
858 3171 938 3242 illos
950 3185 1058 3270 typos
1073 3190 1165 3267 ‹qua-

79 3267 261 3374 lescunque
284 3274 378 3346 inter
399 3271 435 3345 se
456 3272 704 3366 conciliarent,
738 3273 785 3344 ad
806 3272 953 3368 systema
976 3269 1165 3342 sententia-

79 3393 154 3445 rum
174 3374 456 3476 dogrnaticarum
478 3373 645 3447 omnibus
667 3375 824 3448 numeris
840 3373 1053 3464 ¹absolutum
1079 3369 1163 3444 inde

79 3473 342 3568 exstruendum,
368 3475 527 3568 nonest,
551 3475 650 3576 quod
668 3475 834 3576 religioni
853 3475 958 3548 uobis
978 3475 1162 3562 (lucemus,

80 3599 137 3646 eos
151 3577 220 3650 iam
233 3578 433 3653 discernere
452 3593 562 3678 utque
574 3577 754 3680 separare,
781 3592 836 3670 et,
861 3603 934 3652 non
952 3577 1018 3649 nili
1038 3573 1163 3676 purio-

82 3673 316 3754 :edocuisse
335 3694 442 3795 typos
461 3679 670 3780 sequentes,
692 3679 912 3780 reliquorum
933 3677 1080 3752 exseri
1102 3675 1162 3744 iu·-

83 3773 233 3854 eutium
249 3781 457 3855 notionibus
477 3781 749 3882 repetendorum
772 3781 838 3855 usu
857 3794 996 3855 tantum
1016 3773 1162 3871 symbo-

76 3873 148 3950 -lr'oo
176 3881 394 3974 conservato,
431 3908 566 3955 norum
597 3883 744 3982 aliquod
774 3881 921 3979 systema
952 3900 1162 3981 proponere,

80 3979 189 4154 quod,
213 3983 338 4058 eodem
358 3984 437 4059 iure
457 4007 501 4062 ac
524 3999 625 4058 vetus
646 3985 756 4078 illud,
783 4001 818 4058 et
838 3983 955 4087 ipsum
976 3983 1165 4078 pofitivum

107 4080 191 4158 ‘cere
209 4085 312 4181 licet,
337 4101 518 4188 quatenus
526 4084 662 4163 scilicet
685 4101 933 4188 argumentum
950 4085 1027 4158 eius
1043 4095 1167 4158 auoto-

82 4181 179 4262 ritute
199 4186 324 4264 divina
348 4194 507 4278 interna,
537 4190 564 4268 i.
576 4215 610 4266 a.
625 4188 730 4268 sanae
745 4188 912 4283 rationis,
944 4185 1088 4272 divinae
1107 4209 1170 4258 re-

74 4163 78 4172 ι
