2792 4759
188 353 262 426 tu
343 349 351 362 '
439 351 537 426 Pan
556 351 631 420 111·
677 347 770 441 cap.
796 346 868 420 W.
914 339 949 441 §.
975 357 1056 422 167.
1115 402 1118 406 .
1241 403 1247 412 .,

255 515 400 574 intimet·
417 515 629 572 diceneum
668 531 730 588 549.
757 513 949 586 „Bapticmm
966 531 1058 586 cepae
1077 527 1108 572 et
1127 518 1247 572 virtute
1268 528 1302 572 et

258 604 476 676 fignificatione
491 602 813 674 taeterrimaeque
828 603 1040 656 recrementum
1053 602 1300 672 comprehendit,

258 707 320 762 qno
333 687 555 760 poenitentiam
566 687 722 757 appellare
736 687 970 751 consueverunt,
992 703 1062 755 quae
1075 687 1199 758 proprie
1213 685 1298 738 irihil
1323 681 1326 688 “

257 773 412 842 aliudell,
438 791 526 844 qoam
543 773 725 843 baptirmnc,
749 783 800 826 unt
818 772 884 826 einr
904 771 1082 826 exercitium.
1118 774 1195 845 Quid
1209 773 1298 828 enim

257 859 445 933 poenitentia
458 858 518 912 dici
533 859 627 928 potest
642 857 741 924 uliud,
765 873 854 928 quam
869 865 1001 910 veterem
1013 857 1160 912 homnem
1177 871 1296 928 magno

259 943 373 1002 adoriri
394 943 512 1010 naimo,
538 951 572 997 nt
590 939 653 994 eius
673 940 934 1010 concupiscentiae
954 943 1161 1012 eottrceemur,
1183 959 1217 994 ιο
1236 959 1295 999 ιο-

191 1101 195 1108 ,
258 1050 327 1090 tam
345 1030 439 1084 ritum
458 1027 626 1100 amplecti?
662 1030 763 1100 Quare
782 1027 885 1084 vivom
904 1027 1159 1099 inpoenitentia,
1187 1027 1222 1086 iu
1238 1031 1292 1087 ba·

240 1116 368 1195 'prtum
383 1113 534 1172 ,αἰῶν’
551 1122 610 1173 oet
665 1174 669 1191 ,

663 1304 698 1406 §.
729 1323 811 1386 167.

492 1461 983 1534 continuatim

190 1631 195 1638 ’
297 1633 516 1710 sacramenti
539 1634 638 1708 notio
658 1661 679 1710 e
701 1633 806 1709 libris
825 1633 1034 1730 symbolicis
1056 1649 1159 1713 eruta
1180 1641 1290 1708 ritum

179 1741 331 1840 'sacrum
353 1737 509 1835 (lefignat
534 1764 558 1806 o
581 1741 919 1826 Demaenetum,
959 1744 1018 1809 cui
1044 1743 1216 1810 adiuncto
1242 1746 1290 1836 efl

183 1849 330 1938 gratioe
339 1845 487 1911 divinae
501 1843 698 1912 leominibuo
714 1843 929 1913 credentituu
944 1843 1172 1926 exhibendae,
1198 1869 1293 1942 quae

184 1944 291 2016 venia
306 1955 535 2044 peecatorum
548 1944 767 2036 continetur,
796 1960 830 2015 et
839 1947 1020 2038 promiffio
1036 1960 1069 2013 et
1085 1941 1224 2016 collatio
1238 1943 1287 2040 t).

183 2047 283 2122 Huic
306 2041 444 2117 notioni
467 2043 647 2116 Pontificii
668 2044 809 2118 decreta
831 2047 893 2118 l'ua
917 2046 962 2117 de
989 2045 1288 2118 l'acramentorum
1366 2113 1368 2120 ,

183 2147 224 2220 vi
241 2173 289 2220 ex
306 2169 410 2248 opere
425 2158 570 2244 operato
591 2145 785 2218 derivanda
799 2143 835 2246 ⁵)
855 2161 891 2220 ct
912 2147 956 2220 (le
979 2144 1182 2222 charactere
1205 2147 1288 2219 lan-

184 2243 319 2326 ctitatis
342 2260 456 2322 certae
477 2243 665 2320 indelebili
690 2273 755 2348 per
774 2246 1014 2349 baptismum,
1047 2249 1288 2324 confirmatio-

183 2377 270 2429 nem
282 2364 318 2424 et
331 2346 592 2427 omliuutionem
610 2349 851 2449 imprimendo
865 2348 917 2449 ⁶),
948 2349 1148 2427 Reiorumti
1167 2340 1289 2429 aulem

183 2451 376 2529 formulam
389 2449 434 2522 ‹le
450 2449 547 2549 igno
561 2449 658 2523 mulo
678 2475 844 2525 acxmero
867 2467 904 2526 et
923 2452 988 2526 alii
1005 2451 1095 2526 aliae
1113 2453 1290 2556 oppoiue—

182 2571 269 2634 runt
281 2553 469 2628 sententias
483 2551 733 2651 finitionesque
747 2551 795 2652 ⁴).
847 2552 967 2628 Nostri
982 2551 1090 2628 hasce
1106 2571 1208 2632 notas
1226 2555 1289 2644 len

182 2655 405 2734 characteres
420 2653 637 2728 sacramento
652 2651 758 2729 inelle
773 2655 988 2747 docuerunt,
1021 2657 1196 2730 actionem
1215 2682 1284 2728 ex-

182 2774 340 2849 ternam,
373 2756 582 2830 mandatum
596 2755 666 2828 Dei
686 2771 749 2830 out
764 2753 896 2831 Christi
915 2758 956 2831 in
976 2755 1130 2832 librisll'.
1152 2755 1280 2830 diserte

208 2860 419 2975 repositum,
445 2859 632 2952 materiam
646 2856 845 2933 terrestrem
860 2875 897 2932 et
913 2859 1109 2950 coelestem,
1140 2857 1281 2956 gratiae

180 2887 324 3034 iivinae
339 2958 603 3061 promillionem
616 2958 846 3062 eiusdemque
861 2959 1095 3050 collationem3
1120 2955 1219 3034 unde
1233 2957 1283 3031 li-

180 3076 288 3164 quet,
327 3086 401 3142 non
423 3059 489 3145 nili
510 3059 582 3133 tluo
604 3059 822 3138 sacramenta
846 3063 1020 3138 eccleliam
1043 3051 1222 3161 noltram',
1256 3062 1285 3134 li

180 3163 287 3239 modo
310 3161 377 3236 libi
405 3158 482 3261 ipla
512 3159 670 3236 constare
694 3163 868 3258 voluerit,
908 3165 1091 3239 atlnuttere
1118 3161 1281 3264 potuisse.

179 3264 333 3365 Reliqua
346 3263 461 3356 enim,
480 3259 528 3334 ab
540 3263 681 3336 ecclelia
693 3263 868 3340 catholica
880 3283 1039 3368 recepta,
1059 3280 1122 3341 aut
1136 3267 1283 3341 omnino

179 3392 253 3442 non
276 3366 357 3438 sunt
376 3366 485 3458 ritus,
518 3378 560 3438 nt
578 3367 795 3466 poenitentia
810 3381 846 3439 et
861 3371 1087 3468 coniugium,
1113 3383 1174 3444 aut
1189 3361 1282 3440 ritis

179 3467 356 3542 aChrilto
376 3493 448 3540 non
469 3467 669 3570 praecepti,
697 3480 743 3541 ut
764 3469 985 3542 confirmatio
1006 3470 1194 3571 baptismi,
1228 3497 1280 3542 ex

178 3570 259 3648 Act.
279 3583 313 3664 8,
333 3581 390 3646 15.
411 3585 447 3644 et
466 3585 522 3664 19,
539 3585 573 3645 6.
592 3595 778 3672 perperam
793 3570 918 3663 ducta,
953 3571 1131 3644 ordinatio
1154 3585 1188 3642 et
1207 3598 1283 3643 un-

177 3673 250 3750 ctio
266 3687 446 3765 extrema,
478 3672 581 3745 cuius
598 3687 846 3772 argumentum
866 3671 993 3746 frustra
1014 3673 1210 3773 quaefitum
1231 3672 1285 3746 eit

142 3847 145 3854 .
176 3779 218 3852 in
233 3776 304 3850 Iac.
325 3782 437 3869 5,14.
461 3772 540 3846 cell.
558 3775 671 3848 Marc.
688 3790 799 3867 6,·13.
852 3776 900 3849 At
921 3801 1005 3848 vero
1027 3775 1188 3848 definitio
1204 3775 1283 3867 il‘ta,

177 3895 219 3952 ut
241 3905 263 3952 a
285 3877 449 3980 pluribus
464 3873 747 3952 Christianorum
763 3877 908 3950 {omiliis
925 3877 1129 3976 improbata
1142 3877 1213 3950 suit
1227 3876 1282 3976 ‘);

177 3983 228 4055 ita
249 3995 285 4054 et
306 3982 346 4053 in
363 3977 505 4053 ecclelia
521 3978 723 4078 evangelica
744 4005 816 4051 uon
837 4003 907 4052 uua
930 3981 1125 4078 eademque
1145 3979 1284 4053 ratione

177 4082 354 4182 propolito
375 4096 482 4180 atque
504 4079 684 4180 explicata
705 4079 775 4171 elt,
807 4095 843 4154 ct
867 4081 1017 4180 plurimi
1039 4078 1195 4180 theologi
1226 4109 1285 4156 re-

177 4185 356 4258 centiores
377 4182 417 4253 in
436 4209 480 4255 eo
499 4181 749 4277 lultl'titerunt,
781 4185 895 4284 quod,
929 4183 1114 4260 doctrinae
1133 4182 1285 4282 quidem
