2792 4759
169 341 249 415 aaa
409 327 1027 431 emorrannum.
1367 273 1375 286 ’

644 519 680 624 §.
711 535 795 600 171.

200 656 442 756 Epicrisia
476 673 520 731 et
550 661 767 830 purbiorir
805 659 1050 730 doctrinae
1087 658 1246 760 nudum·

664 763 805 834 ratio.

274 909 462 985 Formulae
482 909 543 986 illi
563 936 586 986 a
606 908 783 1012 theologia
798 925 919 986 coetus
934 909 1046 986 nostri
1059 912 1281 1012 antiquiori-'

173 1010 244 1087 bas
260 1011 420 1086 defensae
440 1009 540 1088 haud
560 1037 676 1116 pauca
696 1011 820 1106 inesse,
854 1035 947 1114 quae
963 1039 1047 1089 cum
1058 1013 1271 1115 ‘purioribus

175 1113 222 1189 N.
242 1113 289 1188 T.
311 1115 511 1216 praeceptis
533 1139 555 1188 a
577 1114 704 1216 quavis
724 1113 970 1216 superstitione
996 1113 1274 1193 abhorrentibus

176 1216 363 1290 conciliari
377 1231 573 1317 nequeant,
599 1215 706 1292 facile
721 1215 942 1316 intelligitur.
959 1287 961 1295 ,
990 1221 1160 1296 Primum
1176 1217 1274 1290 enim

175 1317 373 1390 notandum
388 1316 457 1412 est,
509 1343 716 1419 uaecunque
732 1318 770 1391 in
787 1317 832 1392 N.
848 1319 894 1392 T.
916 1317 1020 1392 libris
1040 1317 1149 1392 deba
1177 1317 1278 1392 tisnti

177 1418 321 1496 oonsilio
343 1433 450 1518 atque
470 1344 600 1496 abacta
621 1421 799 1520 proposita
816 1419 899 1512 sint,
926 1446 998 1492 non
1013 1421 1077 1494 nili
1092 1417 1138 1492 ad
1151 1345 1277 1493 1101111-

174 1545 239 1594 nea
254 1517 412 1622 spectare
431 1519 589 1613 adultoa;
621 1538 698 1594 tum
719 1522 795 1597 vim
816 1541 898 1594 earn
916 1519 1217 1620 supernaturalem
1237 1534 1280 1596 et

177 1622 356 1720 magicam
376 1620 555 1722 baptismo
576 1647 642 1724 per
661 1621 698 1696 sa
720 1621 929 1696 attriltutam
947 1647 1061 1720 neque
1079 1635 1195 1694 rectae
1211 1645 1276 1694 ra-

176 1723 303 1816 tionis,
324 1747 440 1822 neque
451 1724 695 1824 experientiae
707 1722 914 1798 testimoniis
926 1723 1143 1815 confirmari,
1160 1721 1276 1822 liqui-

176 1821 260 1898 dem
275 1823 362 1897 fides
376 1823 634 1923 qualiacunque
656 1823 753 1924 apud
772 1849 895 1898 recens
915 1839 1033 1916 natos,
1067 1823 1203 1922 quippe
1226 1848 1275 1896 ne

175 1921 231 1994 sni
253 1923 400 2022 quidem
420 1923 487 1995 fibi
509 1923 593 1996 satis
613 1924 788 2016 conscios,
821 1923 941 1998 locum
960 1923 1092 1998 habere
1111 1949 1185 1996 non
1204 1948 1275 2023 po-

176 2021 262 2119 test3
297 2029 443 2120 danique
464 2025 700 2099 necessitatem
721 2023 891 2126 baptismi
909 2024 1107 2098 absolutam
1122 2049 1170 2098 ex
1184 2021 1273 2098 scri-

175 2125 344 2226 pturaes.
365 2123 480 2198 effatis
487 2182 499 2218 ,
531 2151 624 2228 quae
647 2123 721 2202 huc
743 2127 985 2218 adducuntur,
1016 2139 1110 2198 recte
1132 2126 1272 2198 exami-

175 2226 270 2300 natis
290 2226 437 2301 minime
459 2225 628 2326 consequi
641 2225 689 2325 ⁸).
747 2227 926 2300 Pertinent
948 2223 1038 2302 haec
1060 2224 1138 2298 insu
1164 2225 1271 2300 arad

176 2351 237 2400 eoa
258 2325 392 2420 solum,
429 2329 494 2428 qui
516 2329 675 2428 primum
700 2328 885 2402 transituri
909 2342 1010 2400 erant
1033 2326 1080 2400 ad
1102 2327 1128 2402 C
1171 2323 1269 2400 istia-

176 2451 307 2502 uornm
327 2427 510 2502 sacrorum
526 2429 835 2520 communionem,
869 2453 984 2529 neque
1005 2452 1048 2501 ea
1070 2426 1194 2502 diserte
1214 2443 1272 2502 te·

177 2526 332 2626 llantur,
358 2531 472 2603 lesum
487 2529 595 2604 etiam
610 2529 676 2603 hos
690 2553 828 2622 omnes,
864 2532 929 2630 qui
946 2531 1020 2602 iam
1038 2527 1212 2605 natitant
1229 2531 1270 2603 in

176 2625 249 2705 hac
268 2633 518 2716 communione
541 2643 576 2706 et
596 2631 758 2723 educafi,
798 2657 901 2706 omne
928 2632 967 2705 in
993 2655 1120 2704 aarum
1143 2627 1270 2704 iuffillo

176 2729 398 2810 immerfione
412 2732 511 2808 sacra
523 2733 671 2806 initiant
712 2732 761 2806 At
773 2734 951 2806 enimvero
966 2757 1078 2832 quum
1088 2731 1182 2806 lesus
1196 2729 1269 2832 ipsa

175 2843 318 2933 tempus
330 2832 429 2906 hand
444 2833 702 2935 praefinirerit,
723 2859 907 3008 quousqpe
921 2831 983 2907 hic
996 2835 1087 2906 ritus
1099 2830 1271 2906 Christia-

175 2932 233 3005 nia
249 2931 486 3007 observandus
506 2935 577 3027 fit,·
598 2961 716 3035 neque
736 2933 826 3008 ullos
875 2936 1009 3008 omines
1025 2957 1046 3006 a
1061 2931 1272 3008 christianis

174 3033 383 3134 parentibus
406 3051 507 3108 natos
530 3035 578 3106 ab
596 3060 639 3109 eo
663 3033 908 3138 prohibuerit,
942 3050 977 3109 et
998 3057 1111 3136 quum
1130 3033 1272 3136 baptis-

174 3157 256 3209 mua
278 3150 450 3235 tanquam
474 3135 686 3210 initiationis
709 3151 743 3210 et
765 3139 1039 3238 regenerationis
1066 3133 1281 3230 symbolum.

175 3235 343 3308 omnibns
366 3235 465 3308 omni
486 3249 648 3336 tempore
663 3235 872 3331 Christiania
895 3238 1054 3314 salutaris
1077 3233 1144 3312 else
1165 3236 1271 3340 poffit

176 3333 243 3434 (cf.
267 3337 316 3409 10.
335 3351 369 3430 a,
388 3345 421 3411 6.
458 3334 551 3439 Eph.
569 3346 603 3432 4,
624 3353 747 3414 a-a.
784 3349 816 3432 5,
837 3339 1033 3438 15-11.)
1053 3338 1205 3438 ideoque
1227 3339 1268 3412 in

174 3437 341 3514 omnibus
355 3436 429 3510 sere
445 3438 605 3514 ecclesiae
621 3437 838 3515 Christianae
859 3441 1020 3516 coetibus
1038 3437 1122 3513 inde
1139 3439 1185 3510 ab
1202 3462 1270 3510 an-

173 3536 368 3639 tiquiffima
391 3553 505 3614 aetate
527 3539 742 3634 obtinuerit3
781 3541 976 3642 unicuique
1001 3541 1041 3614 in
1066 3538 1269 3614 societatem

172 3638 456 3715 Christianorum
482 3643 687 3742 recipiendo
716 3643 936 3743 baptismum
959 3640 1066 3718 semel
1090 3637 1156 3714 elle
1181 3637 1270 3712 sub-

85 3786 93 3807 .
172 3743 329 3815 eundum
339 3798 349 3835 ,
383 3757 478 3816 recte
504 3743 760 3817 contendimus.
822 3743 896 3818 Nos
923 3758 1042 3816 autem
1071 3739 1270 3816 efficaciam

170 3867 244 3916 non
262 3843 328 3916 nisi
344 3839 515 3916 moralem
531 3839 618 3918 huic
635 3846 724 3918 ritui
746 3845 994 3935 concedentes,
1029 3859 1172 3914 externa
1193 3843 1269 3914 eius

32 3973 38 3981 ·
170 3941 345 4018 beneficia
367 3944 504 4018 adhoc
532 3943 751 4046 potissimum
778 3943 962 4022 reserenda
983 3942 1050 4018 else
1076 3943 1270 4034 censemus,

169 4041 268 4142 quod
290 4047 329 4117 in
351 4047 534 4121 civitatem
553 4041 790 4120 Christianam
813 4071 879 4146 per
901 4045 1053 4130 eundem
1073 4045 1210 4146 recepti
1229 4045 1270 4114 in

169 4147 458 4222 communionem
482 4145 705 4222 adducantur
728 4148 889 4222 omnium
912 4173 1037 4224 eorum
1062 4143 1269 4230 commodae
