2792 4759
189 344 244 481 'ta
420 404 685 495 Prolegomenu.
723 400 907 495 'Caput'l.
956 394 989 497 §.
1018 414 1052 476 ⁸.

184 574 305 652 minis
326 576 397 651 line
417 572 611 649 sanctitatis
635 588 737 667 nota,
777 602 887 676 (mam
912 573 983 649 sola
1013 576 1105 650 ratio
1133 578 1295 677 practica

65 698 72 723 “
195 678 288 767 bene
303 676 446 751 exculta
460 676 677 851 suppeditat,
705 678 855 776 cogitari
869 680 1011 779 nequit,
1036 678 1200 778 etquod‚
1224 705 1295 781 po-

196 780 260 855 lita
280 779 461 853 sanctitate
482 804 527 852 vo
542 779 673 851 untatis
695 777 825 853 summi
846 780 1007 853 omnium
1026 806 1148 855 rerum
1169 796 1296 855 aucto-

195 882 248 959 ris
269 895 375 997 atque
397 879 650 973 moderatoris,
676 872 839 955 uoluntas
859 878 1018 955 humana
1037 896 1132 957 recte
1151 882 1297 956 consor-

196 997 293 1061 mata
314 1008 353 1055 ιιι
372 978 443 1055 hoc
462 981 578 1055 studio
596 1007 679 1056 cum
692 982 873 1057 voluntate
894 983 1017 1056 divina
1038 983 1191 1087 persecte
1205 1008 1297 1057 con-

195 1084 322 1162 sentiat
345 1078 477 1157 necesse
500 1080 572 1176 ell,
611 1082 662 1156 ita
683 1099 726 1157 ut
745 1085 842 1158 Deus
869 1084 1101 1159 sanctilumus
1129 1112 1201 1159 uon
1227 1086 1298 1158 nili

195 1186 334 1263 summo
357 1184 551 1259 sanctitatis
573 1183 690 1257 studio
720 1200 815 1259 recte
843 1185 913 1259 coli
940 1186 1055 1287 pellit.
1091 1184 1236 1284 (Manli
1258 1197 1297 1281 6,

196 1296 261 1365 48.
294 1286 474 1381 luent.
511 1286 788 1379 1Peu.1‚15,)
839 1286 919 1360 Hoc
934 1287 1116 1388 religionis
1132 1304 1167 1361 et
1180 1285 1297 1361 hone-

195 1390 295 1469 llatis
311 1386 497 1463 vinculum
512 1386 742 1461 arctissimum
761 1402 802 1459 ut
822 1386 1032 1480 statuamus,
1058 1387 1168 1463 efficit
1183 1418 1297 1484 porro

177 1490 287 1591 -legis
303 1490 448 1563 moralis
470 1488 701 1581 conscientia,
733 1513 825 1588 (quae
846 1514 868 1561 e
887 1504 1004 1562 rectae
1025 1490 1173 1562 rationis
1194 1492 1300 1563 cultu

146 1600 149 1613 '
197 1608 307 1695 atque
327 1588 485 1665 efficacia
507 1590 669 1663 exorimr
695 1604 826 1689 etqua
849 1616 970 1663 omnes
992 1591 1105 1662 animi
1132 1588 1299 1664 affictio-

198 1718 262 1770 nes
279 1709 314 1767 et
329 1692 557 1793 cogitationes
572 1690 724 1791 ideoque
765 1691 1002 1791 rralescunque
1022 1690 1067 1763 ad
1085 1691 1299 1791 religionem

149 1826 152 1831 ⁴
178 1796 414 1899 'pertinentes
436 1792 513 1893 regi
535 1790 684 1885 debent,
718 1717 823 1886 adeo,
856 1808 897 1865 ut
919 1794 1120 1892 cuicunque
1147 1792 1297 1893 religio-

174 1897 256 1975 .nis
279 1896 479 1986 doctrinae,
518 1917 610 1993 quae
632 1892 704 1994 legi
725 1892 780 1967 illi
804 1910 998 1995 repugnat,
1038 1894 1126 1967 fides
1148 1895 1298 1968 omnino

139 2002 144 2019 '
197 1996 404 2095 deneganda
432 1994 498 2086 sit3
540 1998 665 2067 deinde
687 1994 849 2070 sensuum
876 1996 1059 2097 religionis
1087 2011 1123 2069 et
1149 1996 1299 2069 virtutis

173 2188 176 2193 Ι
197 2097 362 2198 analogia
378 2122 562 2196 nexusque
580 2098 767 2198 proprius,
800 2098 827 2171 fi
848 2098 995 2197 quidem
1016 2123 1088 2171 non
1110 2097 1176 2170 nili
1196 2124 1300 2170 mens

197 2203 339 2301 integra
365 2213 401 2272 et
426 2222 518 2299 pura
546 2198 591 2271 ad
613 2200 729 2271 Deum
756 2214 851 2273 recte
871 2198 1150 2301 cognoscendum
1177 2198 1299 2273 colen-

199 2304 360 2401 dumque
373 2299 500 2374 idonea
513 2298 563 2373 est
576 2298 722 2397 (Mattb.
741 2310 774 2392 5,
786 2301 858 2395 a),
884 2317 919 2375 et
933 2300 1056 2374 eadem
1070 2301 1180 2394 ratio,
1203 2324 1299 2401 quae

200 2404 318 2481 Deum
332 2402 442 2475 totius
455 2401 582 2475 muudi
603 2418 783 2475 auctorem
804 2399 1081 2503 potentissimum
1102 2418 1139 2475 et
1156 2402 1299 2504 sapien-

175 2558 177 2563 ,
200 2506 389 2596 tissimum,
411 2502 562 2577 eundem
575 2502 676 2575 simul
691 2503 926 2601 legislatorem
938 2504 1298 2594 benivolentissimam

201 2632 378 2707 veraeque
397 2604 541 2678 virtutis
565 2620 600 2679 et
621 2605 814 2683 sanctitatis
835 2621 1099 2707 praeceptorem
1120 2607 1299 2707 optimum

196 2706 463 2813 agnoscendum
483 2706 587 2780 docet
606 2706 661 2799 ⁵);
704 2723 780 2777 tum
806 2708 882 2807 ipsa
904 2724 1030 2781 natura
1054 2704 1211 2781 hominis
1236 2732 1300 2780 ru-

200 2810 345 2888 tionalis
372 2808 419 2880 ad
445 2806 622 2879 summum
650 2808 876 2908 perfectiouis
900 2808 1079 2909 fastigium
1104 2807 1299 2906 evehenda,

201 2934 314 3011 quae,
346 2908 411 2981 nisi
425 2908 595 3007 religione
611 2932 653 2980 ac
668 2907 800 2981 virtute
821 2908 912 2982 bene
927 2912 1115 2985 coniuncta
1124 2966 1135 3004 ,
1168 2910 1215 2983 ad
1234 2937 1300 2983 ve-

200 3036 282 3087 ram
296 3010 505 3109 dignitatem
520 3010 702 3109 animique
722 3010 1013 3111 tranquillitatem
1029 3038 1206 3115 emergere
1225 3036 1301 3085 uon

202 3112 315 3204 valet3
336 3110 517 3183 variarum
530 3115 677 3206 denique
691 3110 903 3212 religionum
915 3110 1074 3187 historia.
1101 3114 1181 3207 Quo
1193 3114 1300 3215 plura

175 3269 179 3287 ..
201 3216 301 3289 enim
315 3212 501 3287 obtinuere
516 3212 660 3285 vincula
676 3212 770 3287 inter
785 3214 992 3313 religionem
1006 3215 1163 3315 aliquam
1175 3214 1300 3317 publi-

202 3340 285 3391 oam
308 3330 343 3389 et
364 3340 506 3389 morum
521 3313 745 3417 disciplinam
767 3331 861 3389 recte
881 3316 1125 3411 constitutam,
1157 3342 1199 3389 eo
1215 3342 1300 3419 per-

203 3418 332 3493 seotior
357 3432 393 3491 et
422 3416 469 3489 ad
496 3416 586 3489 bene
613 3408 786 3516 beateque
812 3417 1005 3491 vivendum
1031 3417 1210 3494 efficacior
1236 3418 1300 3491 illa

203 3520 294 3611 firit3
317 3544 389 3618 quo
402 3520 516 3619 magis
531 3534 649 3591 autem
664 3518 789 3619 religio
804 3544 825 3591 a
840 3519 934 3593 veris
948 3547 1088 3594 morum
1102 3546 1228 3623 praece
1253 3521 1300 3593 tis

205 3622 322 3700 aliena
341 3619 430 3714 l'uit,
462 3646 504 3694 eo
524 3622 687 3721 graviora
707 3618 914 3694 bominibus
929 3621 1140 3696 detrimenta
1159 3647 1179 3693 a
1253 3621 1298 3714 ’ῖς

204 3722 301 3802 unde
317 3720 477 3797 doctrina
489 3718 688 3805 Christiana
704 3722 846 3798 virtutis
861 3722 1017 3804 studium
1031 3750 1113 3799 curn
1128 3750 1168 3797 re
1185 3726 1193 3741 ⁴
1223 3726 1300 3798 'one

206 3826 309 3901 omui
323 3824 430 3899 modo
447 3818 684 3925 copulandum
698 3822 764 3897 else
780 3842 876 3900 recte
895 3826 1080 3927 praecipit.
1115 3826 1192 3899 Mat
1236 3884 1244 3899 .
1265 3835 1299 3917 ⁶,

210 3941 245 4003 a.
282 3944 342 4020 aa,
364 3935 421 4003 ss.
463 3928 574 4000 Marc.
595 3940 652 4019 ιι,
672 3940 729 4002 sa.
768 3926 818 4001 10.
839 3934 872 4020 4,
888 3936 947 4004 ιι.
992 3928 1124 4003 κΤίιιιι
1144 3943 1179 4020 a,
1199 3924 1297 4005 12ss.

212 4030 298 4107 ilo.
319 4040 401 4120 5‚3.
439 4030 566 4110 2Patr.
587 4043 618 4121 1,
637 4037 670 4102 4.
702 4117 705 4121 A
807 4097 854 4120 „
938 4102 942 4111 .

311 4130 434 4230 Neque
457 4146 575 4206 tamen
600 4128 750 4246 impedit
773 4126 862 4209 haec
884 4131 1067 4233 religionis
1081 4135 1301 4228 subiectione

117 4288 118 4293 ,
210 4226 461 4341 ethonestatis
477 4232 681 4307 coniuncuo
701 4232 849 4327 numa,
880 4236 1085 4335 quantinus
1101 4234 1226 4334 religio
1242 4236 1301 4304 ot-
