2792 4759
505 360 562 427 De
585 358 785 451 Religioue.
888 376 892 386 “
957 384 961 388 ’
1144 367 1195 435 4⁵

163 540 216 585 nat
234 532 277 603 (ς.
293 531 344 597 a.).
381 530 481 600 Quare
502 536 532 581 et
554 527 732 596 animantia,
757 546 832 599 quae
852 528 970 585 ratione
983 542 1105 600 carent,
1127 534 1199 590 fidei

163 617 244 669 liniad
266 618 335 681 suut
356 612 478 683 capacia
499 629 533 665 ac
550 612 689 667 notiones
703 613 738 666 atl
752 613 930 683 religionem
946 617 1132 685 pertinentes
1145 622 1200 674 ho·

165 703 296 753 minibua
311 709 443 765 tantmn,
464 698 542 767 quasi
557 697 766 753 lanctiffinaum
782 700 913 770 ipsorum
925 700 1093 772 peculium,
1109 703 1200 759 relin-

144 800 259 856 0qucra
275 784 392 837 debent.

129 928 159 995 l)
179 923 288 977 Grauia
305 924 344 977 all
360 938 444 975 error
461 922 802 993 Supernaturalisiorum,
823 943 879 979 nec
892 925 949 979 nisa
964 943 1001 980 ex
1015 926 1148 998 indignit
1162 928 1199 986 tle

165 1010 223 1063 Dei
248 1019 355 1063 natura
376 1007 564 1078 opinionibus
585 1008 790 1078 explicandus,
816 1028 906 1079 quum
919 1010 1136 1081 Rationalrjlaa
1155 1014 1200 1072 ita

166 1096 294 1148 nutriere
314 1091 467 1159 incusant,
491 1093 547 1145 Dei
563 1090 730 1145 efficaciam
752 1095 813 1148 sola
833 1097 935 1149 mundi
954 1096 1108 1149 creatione
1128 1113 1200 1153 con·

164 1178 275 1242 tincti,
300 1178 362 1247 poll
381 1178 465 1231 illam
485 1194 555 1229 vero
572 1176 739 1230 universnm
753 1195 851 1233 rermn
865 1192 1002 1234 naturam
1016 1181 1095 1251 quafi
1110 1183 1201 1238 boro-

166 1265 244 1335 logii
262 1265 352 1331 inilap
374 1265 445 1329 esso,
469 1262 550 1315 cuius
564 1272 662 1315 mutua
678 1273 708 1315 et
722 1264 926 1317 conversiones
939 1264 1020 1317 Deua
1039 1264 1102 1337 ipso
1119 1268 1200 1325 nihil

166 1368 256 1421 agana
271 1348 441 1413 intueatur,
460 1348 570 1401 summa
583 1346 697 1400 scilicet
712 1350 810 1417 quiete
824 1356 855 1401 et
870 1346 933 1401 otio
950 1348 1066 1405 beatua.

197 1453 222 1505 E
238 1448 388 1503 contrario
403 1448 456 1519 ipsi
470 1449 753 1519 supernaturalipioe
767 1451 832 1503 Deo
846 1450 965 1518 segnem
979 1447 1056 1503 liano
1070 1452 1201 1521 quietem

165 1540 281 1592 summo
298 1534 361 1588 eiua
376 1533 498 1586 numina
515 1530 666 1603 indignam
680 1534 825 1587 tribuunt.
864 1534 906 1585 Er
922 1550 1026 1587 eorum
1039 1535 1120 1589 anian
1136 1540 1201 1601 [en.

165 1622 262 1675 tentia
277 1622 373 1685 Deua,
399 1618 551 1687 postquam
572 1616 641 1669 inda
663 1634 679 1669 a
700 1618 853 1671 creatione
871 1618 930 1671 vim
945 1619 1028 1671 suam
1047 1618 1201 1678 miraculic

167 1704 374 1775 compluribus
394 1720 448 1772 per
462 1711 555 1755 totam
570 1701 670 1768 illam,
695 1718 770 1769 quaa
791 1702 914 1755 historia
932 1702 1044 1757 biblica
1063 1706 1201 1759 contine·

167 1800 236 1858 tur,
257 1798 386 1843 aetatem
401 1785 547 1853 exseruit,
574 1802 608 1839 aa
622 1784 722 1853 linita,
747 1786 782 1839 ab
795 1786 850 1839 illa
863 1785 1030 1857 agitatione
1040 1788 1202 1845 miraculo·

168 1894 235 1931 rum
250 1871 401 1927 effectrice
418 1870 536 1939 prorsus
553 1870 687 1925 abstinet.

201 1974 417 2039 Rationalisioe
431 1987 499 2024 vero
515 1987 572 2025 non
585 1970 677 2024 solum
693 1979 791 2024 ortum
807 1981 836 2025 et
851 1972 1039 2041 existentiam,
1053 1974 1201 2033 sedetiam

170 2058 426 2115 conseruationem
441 2054 534 2107 totius
551 2072 650 2109 rorum
667 2064 788 2109 naturae
804 2056 862 2109 Dei
883 2055 991 2109 virtuti
1012 2076 1065 2129 per
1084 2077 1202 2117 omnam

173 2146 381 2198 aeternitatem
398 2142 549 2207 actuosae,
567 2141 625 2192 live
639 2140 781 2193 creationi
796 2141 972 2208 continuae,
992 2160 1067 2213 quae
1081 2145 1201 2215 dicitur,

171 2230 346 2283 attribuunt.
384 2224 530 2277 Nimirum
551 2235 673 2278 naturae
693 2223 773 2278 cirea
795 2226 1123 2285 haudluntinfinitae.
1161 2234 1202 2285 Ut

171 2314 266 2383 igitur
285 2314 364 2365 Deus
387 2326 488 2361 earum
511 2318 647 2361 naturam
670 2326 703 2362 ac
724 2310 922 2380 multiplicem
942 2311 1020 2365 inter
1040 2314 1069 2367 se
1092 2332 1201 2370 nexum
1299 2344 1303 2360 ι

172 2397 325 2452 constituit
344 2393 534 2465 plurimiaquc
555 2393 682 2445 vinculis
705 2395 873 2465 colligavit,
898 2396 939 2447 ita
958 2395 1038 2450 idern
1051 2400 1131 2454 Deua
1149 2418 1201 2455 ne.

139 2538 141 2543 ,
177 2484 251 2537 cesse
267 2484 304 2533 eil
320 2498 366 2531 aaa
381 2480 407 2530 vi
424 2480 474 2532 sua
489 2478 657 2543 conservet,
685 2495 845 2549 certamque
866 2478 1069 2535 vicillitudinea
1089 2493 1202 2554 tempe·

176 2578 269 2621 retac
285 2575 373 2633 regat.
407 2562 491 2635 Quod
511 2563 563 2616 nili
582 2561 683 2630 fieret,
709 2581 810 2615 omnea
824 2563 1050 2617 dissolverentur
1063 2576 1093 2619 et
1106 2568 1142 2619 ad
1156 2570 1204 2621 ni·

177 2652 273 2705 hilum
294 2648 507 2716 redigerentur.
544 2652 583 2699 Ac
599 2647 619 2699 fi
635 2648 784 2717 quisunt,
809 2646 860 2716 qni
875 2646 1048 2718 opinentur,
1072 2650 1202 2709 odiliam

174 2732 428 2791 conservationem
444 2730 660 2800 omnipotentio
675 2740 790 2799 tuntum
806 2746 878 2799 opus
893 2732 964 2798 elle,
981 2750 1040 2787 non
1056 2735 1203 2806 sapientie

169 2822 286 2887 divina,
313 2819 361 2873 hic
382 2818 486 2871 sultam
510 2816 621 2881 otiosa,
652 2817 806 2887 indignum
827 2815 872 2868 illi
891 2816 923 2869 in
943 2820 1063 2875 modum
1082 2820 1201 2880 (livinae

167 2918 290 2961 naturae
309 2904 433 2955 virtuter
450 2919 483 2955 ac
499 2901 697 2971 proprietates
710 2900 860 2953 insolubili
882 2900 1000 2956 vinculo
1014 2905 1096 2959 inter
1109 2908 1137 2960 sc
1152 2910 1203 2963 de·

166 2994 280 3047 vinctas
295 2990 450 3058 segregant
466 2996 494 3037 ct
510 2986 678 3039 dissolvunt.
715 2987 779 3038 Irno
800 2984 899 3053 potius
918 2986 981 3057 ipsa
1003 3008 1085 3043 mena
1105 2990 1203 3049 divina

165 3094 266 3131 rarum
289 3082 428 3125 naturum
448 3070 641 3140 minimasque
656 3068 718 3123 eiua
732 3080 829 3139 partes
845 3088 1027 3138 peromnem
1043 3076 1204 3131 aeternita-

165 3158 227 3215 tem
243 3158 364 3212 sustinet
377 3172 410 3207 nc
425 3156 512 3225 regit.
549 3156 586 3207 Et
600 3172 690 3224 quum
705 3154 797 3207 totius
814 3156 915 3208 mundi
932 3156 1048 3213 duratio
1065 3178 1081 3213 a
1098 3160 1205 3231 sempi-

165 3256 250 3299 terna
270 3238 329 3294 Dei
357 3238 505 3305 efficacia,
536 3256 592 3291 nec
612 3237 707 3306 spatio
734 3256 788 3291 nec
809 3250 943 3310 tempore
965 3241 1202 3314 circumscripta,

165 3330 311 3400 pendeat,
337 3324 454 3392 prorsus
476 3324 609 3390 ineptum
631 3323 684 3389 eil,
709 3322 852 3375 infinitam
867 3324 948 3379 illam
963 3327 1080 3380 divinae
1094 3331 1203 3385 mentia

166 3412 306 3485 ἐνέργειαν
324 3426 390 3461 cum
407 3406 534 3459 hominis
549 3404 670 3457 artificia
684 3415 749 3459 arte
764 3426 952 3479 comparare,
972 3412 1053 3464 cuim
1066 3416 1204 3469 machina

164 3502 227 3571 poll
247 3498 376 3567 primam
399 3490 647 3545 constructionem
669 3492 774 3561 suapte
796 3494 825 3545 vi
845 3512 899 3563 per
919 3494 1039 3565 aliquod
1059 3498 1202 3567 temporit

166 3583 294 3653 spatium
309 3586 422 3631 motum
437 3578 517 3628 suum
534 3578 701 3628 conservat.
737 3578 811 3629 Nam
826 3588 925 3646 parter
941 3580 1029 3634 buius
1043 3582 1201 3635 machinae

169 3680 326 3735 mumque
348 3660 545 3729 proprietates
564 3660 671 3713 artifex
693 3662 773 3714 haud
794 3664 977 3732 procrearit,
1000 3666 1047 3719 sed
1062 3666 1088 3717 ia
1103 3666 1202 3735 potina

168 3752 203 3805 iia
222 3751 280 3801 iam
299 3744 394 3799 multo
417 3755 485 3805 ante
498 3739 666 3799 ‘artificium
683 3747 766 3800 suum
781 3748 956 3805 exstantibus
972 3749 1084 3817 utitur,
1102 3759 1135 3803 ut
1149 3766 1204 3801 no·
1248 3755 1254 3767 '

167 3852 234 3889 vam
248 3834 316 3886 inde
331 3829 580 3898 compositionem
595 3828 718 3882 afliciat.

196 3932 400 3990 Reimarus
422 3928 644 3997 abhandlungen
662 3947 719 3983 von
735 3935 787 3985 den
803 3935 998 4003 cornelimjien
1020 3934 1205 3990 Walrrheitm

163 4024 212 4074 der
226 4018 361 4072 naaliel.
381 4017 407 4069 6.
417 4018 448 4067 A.
468 4014 661 4085 Hamb.1791.
681 4034 710 4084 p.
724 4026 776 4085 528
789 4021 810 4071 s.
830 4034 892 4086 55¹·
929 4018 979 4071 uu
990 4018 1034 4071 br
1048 4018 1206 4074 sirium

161 4102 411 4175 diget-Biblioth.
436 4100 535 4154 B.lV.
561 4100 597 4152 H.
615 4117 638 4152 a.
666 4108 743 4168 18³3·
769 4119 797 4171 p.
813 4102 895 4173 7011.

128 4222 450 4300 pflardercmiflt.
468 4220 624 4287 Schriften.
645 4221 828 4277 sumnillv.
847 4238 937 4293 p.aoo
951 4221 983 4277 ss.
1019 4223 1205 4283 Stfiudli.
1239 4294 1242 4299 Ι
