2792 4759
495 348 553 419 Do
575 347 777 439 Religione.
1126 326 1192 426 1177

599 596 607 612 .
639 552 703 615 13.

117 680 178 747 De
211 676 456 769 religione
489 533 757 770 christiana
789 677 835 746 in
869 645 1151 768 unioersum.

178 828 434 929 Religionum,
461 851 553 924 quae
567 824 721 927 speciem
740 851 939 927 nomenque
957 826 1188 927 positivorum

89 956 126 1005 ac
139 930 383 1004 revelatarum
399 924 452 1025 (1.
470 926 527 1027 7.)
551 954 636 1029 prae
659 926 694 1001 se
717 928 854 1019 serunt,
880 930 984 1027 longe
1003 929 1187 1029 perfectis,-

90 1034 184 1126 fima,
218 1034 363 1133 quippe
386 1056 477 1129 quae
500 1029 612 1101 solae
635 1030 870 1130 religionibus
899 1030 1074 1129 puhlicis,
1110 1033 1188 1107 cul-

90 1148 160 1207 tum
187 1135 260 1207 Dei
295 1131 502 1205 sanctissimi
532 1131 748 1231 perfectione
779 1130 908 1204 morali
940 1129 1188 1211 exhibendum

90 1236 312 1309 commendat
331 1231 479 1332 (Matth.
499 1240 532 1325 5,
552 1241 611 1309 48.
639 1236 760 1306 loann.
780 1241 814 1325 4,
833 1248 891 1309 23.
916 1243 974 1311 24.
1005 1249 1022 1310 1
1039 1235 1132 1309 Petr.
1152 1255 1186 1331 1,

96 1335 168 1435 15.)
185 1336 341 1438 ipsoque
356 1335 517 1409 ecclesiae
533 1336 693 1409 instituto
713 1332 862 1433 (Matth.
882 1350 940 1426 16,
961 1352 1016 1413 18.
1045 1343 1106 1430 28,
1127 1354 1185 1417 18.

98 1453 149 1513 19.
165 1438 228 1537 al.)
252 1451 463 1540 promovet,
496 1436 591 1509 unde
612 1453 647 1510 et
668 1439 744 1539 ipsa
767 1437 910 1511 divinae
930 1440 1090 1511 veritatis
1108 1466 1188 1513 ma-

94 1538 189 1637 gistra
209 1566 289 1613 non
313 1540 384 1611 line
406 1538 553 1611 numine
582 1540 704 1638 generi
732 1536 891 1612 humano
915 1538 1068 1612 concessa
1076 1554 1094 1631 ,¹
1127 1540 1189 1617 led

94 1644 183 1713 omni
199 1643 282 1715 iure
302 1641 426 1714 diviua
449 1638 552 1741 possit
568 1640 642 1715 dici
666 1636 820 1738 (11.12.
849 1650 907 1715 44.
928 1644 959 1713 b.
981 1639 1038 1740 c.)
1056 1639 1111 1739 ⁰),
1137 1646 1189 1720 est

96 1742 209 1843 religio
238 1770 310 1845 per
332 1742 448 1816 Iesum
470 1738 650 1817 Christum
679 1759 715 1814 et
735 1742 921 1842 Apostolos
949 1746 1097 1839 tradita,
1138 1774 1188 1823 ex

94 1852 269 1917 Iudaismo
288 1843 325 1944 ὁ)
352 1860 435 1917 nata
463 1859 497 1917 et
519 1844 621 1919 Pauli
646 1843 808 1945 Apostoli
835 1845 1052 1947 potissimum
1080 1873 1189 1951 opera

96 1946 138 2019 ab
157 1947 218 2023 illo
239 1948 401 2021 seiuncta
423 1943 521 2042 (Gal.
541 1944 689 2039 21611.
713 1946 758 2018 at
787 1948 865 2021 coll.
883 1948 1011 2023 1111111.
1031 1960 1188 2043 111-

99 2062 151 2122 17.
184 2050 234 2121 10.
256 2058 293 2142 4,
314 2064 372 2125 23.
403 2046 495 2146 24.)
558 2046 824 2121 Nihilominus
848 2074 911 2143 ea,
953 2052 1087 2153 quippe
1115 2080 1189 2129 non

96 2175 163 2222 una
179 2152 373 2250 eademque
389 2149 503 2221 sorma
521 2154 676 2245 pofitivo
695 2174 716 2221 a
730 2150 874 2249 lingulis
891 2154 967 2228 eius
982 2158 1188 2230 auctoribus

96 2266 130 2323 et
145 2252 275 2325 tratlita
291 2269 325 2325 et
341 2252 493 2343 sancita,
526 2252 669 2351 ingenio
692 2251 820 2345 seculi,
853 2280 925 2353 qim
948 2258 1106 2357 primum
1129 2259 1188 2331 in-

98 2355 229 2444 notuit,
269 2354 724 2454 Iudaicisque‘opinionum
752 2358 960 2428 commentis
987 2382 1189 2431 accommo-
1283 2363 1286 2368 ’

101 2453 202 2544 (lata,
241 2470 275 2527 et
298 2454 430 2549 mythis
455 2451 624 2553 (142.)
654 2455 979 2556 traditionibusque
1006 2458 1190 2558 implicata

105 2552 174 2625 suit
191 2554 223 2651 ι)
232 2612 242 2646 ,
269 2558 428 2655 oninique
444 2570 603 2657 tempore
625 2582 655 2628 a·
668 2557 773 2653 genio
788 2555 897 2629 seculi
914 2560 1094 2656 variisque
1111 2584 1191 2634 eam

104 2654 258 2755 fingendi
275 2659 454 2730 conatibus
471 2658 641 2759 pependit
655 2656 702 2757 t).
749 2652 852 2730 Unde
867 2658 957 2731 duae
973 2652 1208 2760 potissimum⁴

103 2761 267 2858 temporis
282 2758 432 2833 successu
451 2760 659 2860 prodierunt
676 2758 896 2833 Christianae
916 2759 1098 2860 religionis
1115 2762 1191 2837 sor*

102 2884 177 2933 ntae
199 2862 266 2935 fibi
288 2864 484 2962 oppositae,
519 2863 626 2934 altera
643 2860 949 2963 superstitionibus
970 2864 1149 2937 nonnullis
1171 2894 1193 2941 e

103 2960 305 3061 Paganismo
321 2965 427 3036 illatis
444 2962 497 3062 ‘),
525 2980 559 3037 et
573 2964 775 3035 traditionis
790 2962 831 3062 s)
848 2980 953 3065 atque
967 2963 1192 3041 hierarchiae

24 3076 30 3083 '
104 3068 323 3157 auctoritate,
356 3066 555 3163 singulatim
572 3081 770 3137 commento
792 3066 837 3138 de
859 3068 1020 3140 ecclesiae
1045 3084 1080 3140 et
1101 3090 1213 3171 pon-·

105 3165 204 3239 lificis
223 3169 380 3241 Romani
402 3170 662 3260 infallibilitate
685 3169 818 3260 nisena,
848 3173 1116 3243 Calliolicismus
1132 3171 1190 3270 3);

105 3266 224 3362 altera,
257 3272 400 3343 reiectis
418 3270 492 3343 istis
511 3269 819 3371 superstitionibus
843 3287 948 3371 atque
971 3277 1191 3366 commentis,

105 3393 171 3441 non
187 3372 250 3443 nisi
266 3370 460 3471 scripturae
479 3372 505 3445 s.
528 3386 736 3471 argunrento
756 3387 851 3444 recte
873 3373 1115 3472 investigando
1136 3400 1195 3447 re-

105 3484 167 3543 ctet
180 3500 222 3545 ue
247 3472 294 3545 ad
317 3472 420 3545 usum
440 3474 682 3546 transferendo
707 3472 847 3575 decreta
868 3473 930 3546 sua
953 3474 1195 3577 superstruens

108 3498 185 3666 (11
203 3591 259 3650 21.
290 3573 372 3672 45.)
382 3633 392 3668 ,
418 3580 739 3672 Proteflootiamue.
775 3574 881 3668 Quod
894 3578 940 3649 'ad
954 3578 1114 3651 ccclesiae
1127 3578 1196 3649 Ca—

109 3670 252 3749 tholicae
275 3678 560 3751 constitutionem
578 3690 613 3751 et
630 3677 829 3751 doctrinam
851 3681 995 3771 attinet,
1022 3704 1101 3751 eam
1121 3703 1195 3753 nou

108 3767 217 3847 solum
229 3794 341 3851 rectae
356 3781 506 3872 rationi,
533 3780 593 3851 sed
609 3780 716 3851 etiam
731 3779 838 3880 ipsius
853 3782 930 3853 Iesu
943 3780 1076 3854 Christi
1090 3804 1196 3879 prae-

109 3876 215 3974 ceptis
238 3896 355 3979 aperte
381 3906 598 3981 repugnare,
642 3881 746 3954 sacile
773 3882 994 3982 intelligitur.
1053 3882 1196 3955 Etenim

107 3974 159 4048 ius
176 3977 223 4053 est
236 3979 413 4055 humanae
436 3999 610 4076 naturae,
638 3984 697 4056 cui
719 4009 904 4082 mtuquam
927 3981 1039 4083 potest
1062 4003 1203 4055 renue-¹

108 4078 201 4174 tiari,
228 4086 322 4157 utin
340 4084 506 4157 omnihus
524 4086 583 4158 cui
598 4086 684 4159 fides
700 4084 978 4178 adhibendast,
1011 4086 1195 4206 propriam

108 4176 319 4285 liberamque
341 4185 598 4285 persuasionem
618 4186 721 4287 sequi
743 4187 868 4277 liceat;
901 4212 966 4261 nec
986 4188 1044 4261 vel
1069 4188 1197 4287 hnguli
