2792 4759
198 406 255 467 '1⁸
436 390 700 479 Prolegomena.
753 382 869 474 Caput
891 384 922 451 Ι.
973 372 1007 474 §.
1035 388 1071 453 ⁵.

281 560 438 617 rationalis
451 568 481 613 et
495 558 638 623 revelata,
656 568 774 609 externa
787 563 818 607 et
832 554 964 618 intonen,-
986 547 1106 605 ratione
1121 544 1308 604 modelimie

278 646 472 716 eltseaeptico,
491 643 615 709 rhetica,
634 639 838 710 aperientem

246 786 273 851 e)
292 771 586 833 Bretlelineielar
603 772 719 826 Heneti.
734 775 762 825 d.
776 772 880 839 Dogm.
903 788 930 826 r.
944 772 977 824 A.
996 771 1021 824 1.
1039 768 1137 839 p.-4l'.

245 915 276 982 d)
295 914 339 964 De
344 907 564 978 superstitione,
583 904 664 959 cuiue
676 904 806 973 Etymon
819 903 895 958 Cic.
910 902 945 957 de
959 913 1022 955 nat.
1037 901 1118 955 deor.
1133 901 1173 954 11.
1190 908 1232 961 aa.
1247 914 1312 951 non
1378 911 1379 914 ’

279 1004 350 1065 epta
364 990 506 1061 explicuit
520 988 617 1058 (‚,qui
632 998 712 1042 totoe
728 989 808 1057 dier,
834 988 894 1056 ait,
919 986 1117 1058 precabantur
1130 993 1161 1036 et
1174 983 1313 1036 immola·

277 1080 369 1143 bant,
387 1072 477 1127 utini
492 1072 544 1126 filii
558 1072 648 1125 liberi
662 1074 831 1142 superstite·
844 1074 949 1138 efferat,
968 1070 1161 1139 superstitiosi
1173 1071 1242 1123 sunt
1258 1084 1312 1137 ep-

280 1158 449 1235 pellati”),
464 1156 514 1211 mi.
530 1156 761 1211 Lactantiua
778 1160 827 1213 w.
847 1166 908 1217 ⁸8⁶
933 1153 1151 1226 ,‚Superititioli
1166 1160 1315 1205 vocantur

281 1255 333 1299 aut
354 1243 392 1311 ii,
421 1239 470 1312 qui
490 1240 675 1309 superstitem
695 1240 870 1295 memoriam
889 1240 1098 1294 defunctorum
1117 1240 1236 1301 colunt;
1259 1244 1314 1290 eut

207 1341 211 1349 '
280 1330 350 1402 qui,
382 1324 556 1399 perentibus
578 1323 638 1378 luia
658 1323 846 1395 superstites,
878 1324 1017 1377 colebant
1039 1323 1185 1396 imaginee
1210 1339 1315 1377 eorum

281 1412 364 1467 domi
380 1422 521 1479 tanquam
535 1409 605 1462 deor
619 1418 746 1479 penates.
781 1408 857 1459 Nem
879 1406 930 1479 qui
951 1424 1043 1461 novoe
1064 1408 1117 1460 fini
1137 1408 1212 1461 ritus
1232 1407 1318 1459 edin·

283 1497 420 1561 mebant,
444 1501 478 1545 ut
492 1492 614 1545 deorum
628 1492 692 1545 vice
710 1500 841 1545 mortum
855 1492 1053 1557 honorarent,
1078 1509 1151 1561 quoe
1166 1508 1201 1543 ex
1214 1490 1317 1544 homi-

282 1582 371 1635 nibua
392 1578 424 1630 in
445 1578 561 1631 coelum
583 1584 716 1645 receptos
734 1575 897 1644 putabant,
921 1576 975 1628 hoe
994 1576 1205 1644 superstitioso·
1227 1593 1319 1628 voca-

281 1666 400 1727 bant;”
425 1682 452 1715 v.
469 1658 663 1714 Reinherd
678 1661 784 1729 Syjlem
799 1660 1018 1713 d.0lr.Moral.
1037 1662 1062 1713 1.
1079 1676 1133 1728 4¹4
1143 1660 1175 1713 11.
1194 1660 1320 1726 §niust-

286 1753 320 1805 C.
340 1750 377 1801 ll.
398 1743 657 1797 Heidenreich
678 1745 917 1812 Psychologisclie
939 1745 1143 1813 Emwicklung
1162 1747 1211 1799 des
1230 1744 1321 1795 Aler-

282 1834 420 1901 glaebam
439 1848 465 1881 u.
482 1828 531 1878 der
546 1827 846 1881 damitverbrendenen
863 1829 1075 1881 Schwormerei.
1100 1831 1134 1883 L.
1150 1836 1225 1900 1798.
1262 1829 1322 1880 Ve-

284 1926 382 1969 terum
396 1914 431 1965 (le
444 1910 647 1981 superstitione
660 1912 768 1967 iudicia
783 1934 810 1967 a.
827 1914 902 1983 apud
916 1912 989 1966 eie.
1008 1914 1042 1965 de
1056 1924 1117 1967 nat.
1132 1913 1212 1966 deor.
1227 1914 1252 1964 1.
1269 1928 1319 1977 4²·

286 2000 324 2052 de
338 1998 461 2051 divinat.
483 1998 524 2050 II.
543 2012 587 2067 ῃ.
623 1997 818 2053 Plutarch.
838 2000 873 2051 de
887 1995 1091 2067 superstitione
1105 1996 1199 2049 libell.
1219 1996 1318 2064 62911.

287 2084 333 2137 eil.
350 2082 500 2137 Reielra.
521 2090 550 2133 et
565 2093 756 2137 commentar.
773 2080 1060 2154 Wyttenbachii
1078 2080 1109 2133 in
1124 2080 1161 2134 ei.
1177 2080 1222 2133 ed.
1237 2080 1319 2131 Plut.

285 2166 396 2221 Morel.
416 2168 449 2219 T.
460 2168 499 2219 11.
520 2183 549 2236 p.
564 2168 614 2237 276
628 2168 658 2221 ll.
678 2168 723 2222 ed.
733 2170 812 2239 Lipi.
849 2166 1089 2238 Theophrast.
1103 2166 1239 2219 charact.
1255 2163 1320 2218 eth.

287 2270 313 2304 a.
326 2251 365 2304 16.
393 2250 537 2303 Snicer'.
552 2252 638 2305 Thes.
651 2254 754 2307 ecclei.
771 2255 792 2307 l.
806 2272 832 2307 v.
846 2252 1029 2321 δεισιδαίμων.
1058 2252 1128 2304 edd.
1142 2252 1318 2303 Lactant.

288 2336 324 2389 de
340 2354 408 2389 vera
423 2334 575 2407 sapientia.
590 2337 638 2388 IV.
660 2355 685 2391 c.
696 2344 738 2399 28.
759 2338 876 2407 eiusque
888 2340 923 2391 de
937 2337 1007 2390 falia
1020 2335 1164 2405 religione
1178 2335 1231 2389 lib.
1247 2338 1320 2387 Au·

289 2440 334 2495 gu
344 2420 427 2474 llini
447 2423 482 2474 de
497 2438 565 2473 rara
578 2420 665 2491 relig.
679 2422 701 2475 1.
719 2452 754 2463 -
789 2420 995 2491 superstitioni
1011 2420 1171 2497 opponitur
1186 2422 1320 2471 incredu-

291 2508 425 2574 litorea,
442 2524 517 2577 quae
531 2506 714 2574 argumentis
729 2506 923 2561 feneratione
938 2502 1141 2575 comprobatis
1157 2513 1186 2555 et
1201 2501 1236 2554 ml
1250 2520 1320 2571 per-

289 2590 469 2645 suadendum
484 2591 599 2645 idoneie
613 2590 702 2644 fidem
716 2589 851 2659 denegat.
886 2590 1074 2661 Superstitio,
1097 2587 1216 2642 historia
1235 2587 1320 2653 telle,

219 2704 224 2715 ·
290 2676 394 2746 generi
408 2672 535 2731 humano
553 2676 589 2728 ad
601 2693 701 2729 veram
714 2675 896 2745 religionem
912 2684 1000 2746 etque
1015 2674 1157 2727 virtutem
1171 2670 1321 2724 evehendo

291 2761 382 2828 longe
396 2758 483 2830 plura
498 2772 528 2814 et
540 2762 677 2831 graviora
691 2760 797 2813 damna
810 2759 925 2828 attulit,
943 2777 1031 2831 quoni
1044 2756 1244 2811 incredulitas.

258 2887 285 2949 a)
304 2886 337 2935 ln
351 2882 518 2938 universum
532 2885 742 2954 Mylliciemum
755 2904 827 2956 prae
840 2889 871 2942 ie
883 2888 963 2940 ferre
977 2885 1116 2939 dicuntur
1130 2884 1168 2953 ii,
1185 2884 1250 2955 qni,
1268 2902 1322 2938 ne·

292 2966 401 3039 gleetia
415 2970 501 3022 lanae
516 2971 643 3023 rationis
657 2972 790 3041 legibue,
815 2972 942 3025 ienlibua
961 2970 1128 3024 notioribus
1148 2981 1179 3023 et
1196 2970 1323 3040 phanta-

294 3052 350 3103 liae
371 3049 508 3107 ludibriie
528 3056 560 3107 in
580 3056 730 3125 religione
752 3056 805 3108 lna
825 3055 990 3123 indulgent.
1028 3054 1224 3122 Mylticirmue
1242 3054 1323 3107 haud

288 3150 360 3189 raro
377 3135 439 3189 abit
453 3138 484 3191 in
499 3139 661 3193 fanaticum
678 3155 828 3205 errorem,
846 3140 895 3191 len
910 3138 1001 3191 animi
1015 3140 1159 3208 quendam
1173 3142 1323 3193 fervorem

294 3237 330 3273 ex
344 3222 476 3274 sensuum
493 3232 522 3275 et
540 3224 710 3293 phantaliae
728 3222 906 3292 impotentia
927 3225 1105 3289 oriundum,
1130 3232 1159 3276 et
1177 3223 1208 3275 in
1228 3223 1321 3275 certia

295 3302 452 3373 religionis
467 3306 542 3359 ideis
558 3307 669 3361 aeriter
682 3309 801 3361 tuendis
815 3311 1023 3378 conspicuum,
1042 3309 1093 3380 qni
1107 3309 1153 3362 vel
1167 3306 1271 3361 mitior
1284 3310 1324 3361 eit

224 3440 226 3447 ,
296 3388 692 3459 (ReligionsschwiirmereiJ,
711 3392 759 3445 vel
773 3393 984 3461 veliementior,
1000 3393 1254 3459 consororem,
1273 3393 1325 3461 qui

294 3475 376 3526 iecur
397 3475 540 3544 sentient,
563 3476 724 3529 insectandi
739 3477 974 3544 (Formianos),
998 3478 1083 3531 cuiue
1097 3477 1177 3528 inter
1189 3476 1265 3545 ipio·
1278 3492 1328 3527 re-

295 3557 418 3626 ligionis
429 3559 629 3625 Christianae,
650 3561 814 3614 mitilllmaa
826 3562 962 3630 quidem,
980 3560 1172 3615 crudelillime
1185 3559 1326 3613 maxime·

296 3660 352 3711 que
372 3642 498 3696 nefanda
518 3647 624 3697 exllnnt
645 3648 796 3715 exempla,
821 3648 889 3697 odio
912 3647 1092 3718 sempiterno
1112 3646 1324 3715 prosequende,

297 3746 366 3795 nec,
382 3728 460 3798 quod
470 3730 548 3781 Deua
560 3730 636 3782 bene
647 3740 758 3797 vertat,
773 3747 900 3800 unquam
914 3732 1083 3802 repetenda.
1108 3728 1166 3782 eh.
1183 3733 1213 3783 Ρ.
1229 3732 1255 3781 D
1267 3738 1325 3781 nt·

297 3812 479 3865 tenholer
495 3814 662 3881 Geschidm
677 3813 705 3866 el.
720 3814 1106 3883 Religinnsschwiirmereien
1122 3816 1153 3867 in
1169 3817 1195 3869 d.
1213 3814 1325 3882 Christi.

297 3896 413 3949 Kirchae.
432 3896 546 3949 Heilbr.
564 3901 724 3967 2796-99.
742 3899 870 3951 volni.
905 3899 1042 3951 Blilrme
1061 3900 1106 3950 lib.
1124 3899 1327 3951 Schwiirmerei

297 3982 327 4031 in
342 3982 369 4033 d.
385 3980 465 4049 llel,
486 3982 516 4033 in
531 3984 673 4037 Liiiller
689 3987 807 4049 Magne.
827 3986 874 4037 1v.
894 4001 920 4036 a.
941 4002 969 4053 p.
987 4000 998 4035 r
1014 3982 1047 4035 ll.
1083 3986 1108 4037 J.
1123 3986 1327 4050 ll.·Mozger

299 4068 404 4130 Einige
424 4066 608 4134 l'orlrsungen
625 4070 690 4121 iiber
704 4069 730 4119 d.
747 4068 880 4135 religiiise
894 4070 1109 4122 Schwiirmerei.
1131 4072 1234 4121 Aaron.
1252 4076 1326 4135 1819.

298 4148 351 4202 Dr.
368 4151 400 4204 L.
416 4152 452 4205 D.
468 4154 617 4203 Cramer
632 4156 796 4219 Predigtrn.
817 4156 841 4207 1.
867 4154 897 4205 L.
918 4162 992 4213 1822.
1020 4156 1072 4221 rste
1087 4155 1136 4207 Pr.
1160 4154 1217 4204 i’orl
1231 4153 1258 4205 d.
1273 4152 1326 4202 lle·

299 4232 613 4298 ligienssclwiirmeni.
636 4266 672 4279 -·
708 4238 836 4293 Omnino
850 4248 880 4291 et
894 4240 993 4293 lanitia
1009 4237 1140 4294 acriores
1156 4239 1223 4306 pior
1238 4246 1326 4304 atque
