2792 4759
244 356 301 427 De
318 355 437 424 tant.
454 355 572 448 dogm.
583 353 677 448 syfi.
695 365 787 422 recte
803 359 1045 448 componendo.
1145 369 1193 436 91

92 533 163 605 tius
181 526 255 602 hac
273 528 320 601 de
340 553 381 600 re
401 525 628 600 statuendum
643 526 805 599 videtin:
841 527 963 620 Quum
977 527 1118 628 liquido
1133 554 1199 602 no-

92 633 148 707 bis
182 630 340 722 constet,
374 628 502 718 *lesum
527 627 709 704 Christum
744 629 783 701 in
818 629 980 702 doctrina
1014 629 1200 730 religionis

94 759 202 835 qnam
224 733 384 834 plurima
402 757 505 822 vere,
537 746 633 804 recte
655 745 690 803 et
712 729 950 830 intelligenter
972 729 1199 834 praecepisse,

92 861 184 936 quae
207 833 371 935 prosecto
393 858 465 906 non
486 831 534 904 ab
554 832 795 932 evangelistis,
821 848 944 934 utpote
961 835 1037 906 eius
1054 835 1200 933 ingenio

90 937 208 1014 multo
230 928 485 1026 inserioribus,
510 934 576 1034 ipsi
592 933 787 1034 supposita,
814 934 874 1020 sed
894 936 1048 1035 genuina
1068 937 1144 1008 eius
1165 949 1201 1010 et

93 1039 244 1142 propria
266 1037 409 1110 decreta
431 1035 584 1127 suerint3
618 1037 698 1108 ficri
720 1063 792 1108 non
811 1039 943 1138 potest,
976 1051 1034 1131 ut,
1067 1037 1201 1138 tiques

93 1144 127 1215 ei
144 1138 394 1212 attribuantur
415 1137 462 1210 ab
484 1137 559 1210 istis
581 1137 725 1238 prorsus
742 1137 997 1238 discrepantia,
1025 1163 1117 1238 qnae
1134 1165 1201 1240 po-
1317 1139 1321 1146 ’

94 1243 240 1346 pulares
263 1239 438 1339 quasdam
461 1266 528 1313 nec
550 1239 634 1312 satis
661 1255 893 1341 perpurgatae
917 1239 1026 1313 seculi
1045 1240 1101 1314 sui
1122 1267 1203 1342 ops·
1287 1247 1290 1254 ’

94 1347 223 1419 niones
246 1341 452 1432 redoleant,
489 1339 607 1442 ipsum
630 1339 887 1414 inconstantiae
911 1337 973 1413 aut
994 1340 1203 1418 inscientiae

97 1471 303 1546 arguamus.
362 1444 491 1516 Mitem
518 1443 638 1542 potius
659 1441 790 1516 sunmti
811 1443 966 1517 doctoris
992 1441 1203 1544 sapientiam

97 1550 134 1621 in
157 1574 203 1622 eo
225 1543 414 1645 agnoscere
436 1537 540 1636 licet,
566 1545 631 1643 qui
654 1570 858 1619 communes
881 1543 1008 1644 populi
1029 1545 1085 1617 sui
1104 1571 1203 1619 erro-

98 1673 175 1742 res,
217 1647 481 1747 longinquitate
507 1647 679 1746 temporis
706 1648 918 1719 inveteratos
948 1645 1140 1747 benignius
1168 1661 1205 1722 et

99 1752 232 1824 lentius
251 1749 392 1840 sanare,
420 1773 529 1848 quam
549 1763 694 1848 repente
716 1773 758 1823 ac
780 1748 952 1821 violenter
969 1774 1090 1821 omnes
1108 1749 1204 1823 evel-

99 1853 173 1928 lere
195 1866 232 1926 et
253 1850 426 1924 radicitus
447 1843 636 1922 extrahere
656 1849 833 1928 maluerit.
884 1850 1009 1950 ltaque
1026 1849 1119 1924 nihil
1134 1853 1205 1924 im-

102 1955 225 2055 pedit,
257 1978 330 2052 quo
355 1952 474 2024 minus
495 1950 611 2024 lesum
634 1977 909 2052 nonnunquam,
942 1967 984 2027 ut
1005 1954 1209 2038 maioribus
1277 2029 1281 2038 ,

101 2073 138 2130 et
160 2054 365 2157 potioribus
389 2054 572 2153 religionis
598 2077 640 2128 ac
668 2055 812 2126 virtutis
841 2057 1039 2155 praeceptis
1065 2055 1206 2129 aditum

104 2159 152 2230 ad
165 2159 305 2230 animos
324 2156 530 2228 auditorum
550 2170 711 2257 pararet,
737 2155 763 2228 fi
779 2155 867 2255 quid
883 2156 923 2229 in
937 2155 1133 2230 levioribus
1148 2183 1206 2232 er-

103 2275 244 2351 rarent,
269 2255 442 2332 hactenus
465 2254 622 2331 tolerasse
644 2256 856 2350 statuanrus;
889 2271 930 2330 ut
951 2259 989 2330 in
1010 2260 1056 2334 iis
1081 2259 1207 2333 conni-

105 2361 281 2453 vendum,
307 2359 364 2433 vel
379 2359 488 2434 etiam
504 2357 551 2432 ad
568 2385 609 2433 ea
626 2361 783 2458 quodam
799 2360 907 2432 modo
923 2353 1207 2434 descendendum

106 2462 353 2538 arbitraretur.
402 2461 571 2534 Attamen
593 2461 621 2534 si
643 2461 735 2535 sorte
758 2460 935 2560 quaedam
958 2461 1062 2533 nobis
1081 2487 1207 2535 occur-

108 2577 197 2636 rant
219 2563 257 2634 in
277 2563 376 2635 libris
399 2563 713 2663 evangelistarum,
751 2563 818 2634 ubi
844 2559 1121 2734 inflgraviffimis
1142 2562 1208 2635 do-

109 2665 250 2739 ctrinae
269 2665 431 2765 partibus
452 2665 547 2738 lesus
569 2690 590 2737 a
613 2665 648 2737 se
669 2665 744 2766 ipse
764 2663 880 2736 disces
928 2661 967 2756 'e,
1006 2678 1041 2736 et
1063 2661 1129 2734 libi
1150 2690 1208 2736 re-

106 2763 276 2868 pugnasse
291 2767 470 2861 videatur,
497 2765 610 2840 multo
624 2765 674 2839 est
689 2764 916 2858 credibilius,
942 2763 1026 2840 istos
1042 2765 1118 2837 eius
1135 2764 1209 2838 dis-

108 2863 267 2970 cipulos,
302 2871 443 2969 ‘quippe
472 2869 580 2969 ipsos'
596 2868 688 2942 salfis
713 2867 944 2969 opinionibus
968 2883 1004 2941 et
1026 2868 1209 2943 erroribus

107 2971 270 3044 nondum
290 2973 437 3044 omnino
457 2969 646 3061 liberatos,
672 2969 861 3062 nonnulla,
889 2968 1096 3070 praesertim
1116 2971 1210 3044 ima-

109 3073 256 3172 ginibus
279 3088 316 3145 et
337 3071 509 3166 symbolis
526 3072 622 3170 apud
637 3072 785 3144 ludaeos
806 3071 1023 3172 pervulgatis
1039 3073 1209 3167 involuta,

157 3199 301 3276 rperam
323 3170 531 3248 intellexisle
554 3199 750 3274 verumque
773 3174 850 3246 Iesu
871 3171 1005 3247 Christi
1028 3173 1212 3249 consilium

109 3200 211 3348 sint
237 3271 321 3348 satis
345 3292 440 3350 recte
466 3277 714 3376 interpretatos
740 3272 826 3368 else,
868 3277 924 3348 uti
956 3290 1053 3377 patet
1078 3303 1098 3351 e
1123 3276 1213 3351 locis

113 3377 244 3453 Matth.
259 3393 294 3469 6,
309 3393 370 3454 83.
396 3379 485 3452 Luc.
499 3392 557 3471 17,
572 3393 632 3456 20.
652 3394 713 3456 21.
738 3378 789 3451 lo.
806 3391 839 3469 8,
855 3393 889 3454 3.
908 3387 941 3454 6.
974 3392 1031 3471 18,
1045 3392 1104 3454 36.
1132 3378 1211 3453 coll.

114 3480 204 3553 Luc.
224 3489 282 3571 24,
302 3494 362 3554 21.
394 3479 475 3554 Act.
495 3495 527 3572 1,
547 3495 580 3556 o.
616 3497 650 3574 2,
668 3496 727 3556 ao.
748 3521 800 3536 -
839 3477 968 3553 Manh.
988 3490 1021 3572 5,
1041 3491 1098 3556 11.
1133 3479 1212 3554 coll.

119 3579 423 3672 11111Πὶ-
467 3581 595 3656 March.
616 3595 754 3676 tata.
796 3581 874 3656 coll.
900 3583 1013 3656 Marc.
1037 3591 1071 3675 4,
1093 3597 1150 3657 ta.
1178 3592 1214 3654 et

123 3679 211 3753 Luc.
230 3697 260 3775 s,
281 3699 339 3761 1ο.
363 3725 417 3737 -
454 3683 583 3758 Mauh.
601 3700 660 3777 aa,
679 3699 737 3762 1a.
763 3698 819 3760 19.
856 3683 935 3758 coll.
956 3684 1036 3757 Act.
1058 3698 1115 3775 11,
1137 3697 1216 3757 1-

126 3794 162 3854 3,
187 3823 237 3838 -
281 3786 409 3879 10,10,
429 3801 462 3864 8.
486 3785 554 3878 al,
586 3812 696 3886 qnam
718 3784 1009 3886 sapientissimum
1029 3785 1132 3856 illum
1153 3809 1217 3884 ge-
1332 3859 1339 3878 ,

122 3885 217 3958 neris
235 3881 386 3960 humani
408 3903 674 3989 praeceptorem
696 3889 736 3960 in
757 3887 904 3962 summis
920 3887 1102 3961 doctrinae
1118 3888 1218 3990 capi-

119 3986 216 4062 tibus
232 3988 302 4062 stbi
318 3989 384 4089 ipfi
401 4015 532 4090 parum
548 3986 746 4064 constitisse.

217 4139 266 4193 De
284 4139 559 4194 accommodatione
575 4136 608 4192 in
625 4138 815 4193 sermonibus
828 4138 894 4192 Iesu
909 4135 1085 4210 scriptisque
1099 4141 1228 4211 sponoe

186 4224 291 4279 lorum
308 4240 371 4278 non
387 4223 570 4279 admittenda
587 4241 615 4278 v.
630 4224 664 4277 G.
680 4226 714 4277 V.
729 4223 841 4278 naun
855 4224 1068 4293 Bemrrlrungen
1087 4227 1154 4279 iiber
1172 4227 1220 4281 lie
