2792 4759
460 354 517 422 De
534 354 762 443 providentia
786 354 869 425 Dei.
1143 364 1214 431 att

179 522 217 575 c.
227 522 377 585 Picent
395 523 462 576 Uei.
478 522 524 575 die
537 522 633 577 ditem
649 523 859 593 Vortieisungen
872 542 927 579 oen
939 524 1102 595 Sedirisri,
1121 524 1216 579 Notit-

179 609 354 675 reerede'gieeie
365 634 401 649 -
417 606 450 660 in
463 606 639 662 sttndlin
653 609 819 675 netrragen.
838 611 888 663 lv.
905 624 968 679 μ,
987 611 1016 663 d.
1030 608 1168 677 Fortsetr.
1181 608 1215 663 tn

177 694 361 748 sttudtin
376 695 494 761 Magne.
505 694 536 763 s.
549 692 631 761 rtet,
654 690 756 745 Morol
776 712 802 747 ιι.
817 692 971 761 tttrcteng.
990 695 1014 748 1.
1034 710 1057 747 ι.
1094 692 1214 747 Gerre

179 783 250 837 Uei.
264 784 319 835 dee
329 782 446 851 Daseyn
458 780 567 833 Goetee.
585 779 679 833 Breel.
693 788 770 850 1807.
789 796 815 835 ι.
828 781 861 835 A.
884 781 949 833 Vom
965 780 1085 851 SyJieme
1097 780 1146 831 dee
1157 779 1215 831 Zu-

172 866 267 933 jelle.
285 866 364 936 7011.
381 891 417 906 -
445 863 619 931 recerunt,
636 862 706 934 qni,
727 863 894 934 generatim
905 863 1095 932 ubidicitur,
1115 862 1213 917 omnin

177 948 216 1002 in
227 949 400 1003 haererem
416 947 606 1003 univerfitete
625 966 643 1002 e
660 950 828 1005 neceffitete
849 951 973 1021 quedam
991 948 1161 1005 ineviteIrili
1181 958 1212 1003 et

179 1037 251 1090 coin
263 1035 392 1089 fortuito
405 1034 534 1105 pendere
547 1034 665 1102 detuit,
681 1033 897 1089 Methoniemue
911 1034 1136 1107 talisperiano,
1153 1050 1213 1107 que

178 1141 282 1178 omnen
301 1123 335 1175 in
353 1139 453 1177 rerum
472 1130 579 1175 notare
597 1122 719 1177 effectur
733 1120 769 1175 ed
784 1120 862 1176 vir-ee
876 1122 1014 1192 legetque
1032 1128 1147 1175 motum
1162 1134 1212 1172 re-

179 1226 248 1262 rum
259 1210 444 1279 tpectentee,
461 1208 643 1261 reseruntur.
677 1205 742 1260 vid.
761 1206 814 1257 De
832 1204 867 1259 le
885 1203 1042 1259 Mettrie
1062 1204 1212 1255 L’itomme

180 1292 321 1344 machine.
340 1290 425 1343 Leid.
439 1296 514 1359 1748.
548 1286 675 1342 Omnino
688 1286 829 1340 inteliemi
843 1284 992 1339 erroribue
1005 1285 1082 1355 opud
1094 1292 1209 1337 veterae

180 1374 312 1427 letiffime
324 1373 426 1443 [perlis
439 1374 551 1442 optime
564 1370 697 1424 remedie
712 1370 812 1425 attulit
824 1368 960 1424 doctrine
972 1368 1008 1423 de
1020 1366 1209 1439 providentie

177 1460 276 1514 divine
289 1476 309 1512 ιι
319 1461 387 1514 Iesu
401 1467 432 1512 et
443 1456 588 1529 Apostolie
600 1456 718 1511 tradite.

139 1602 168 1671 ι’)
193 1597 470 1664 Occafioneiiemum
492 1596 515 1649 i.
535 1594 664 1663 Syiieme
685 1595 836 1661 cordarum
856 1590 1097 1660 occofioneiium,
1123 1604 1209 1661 pree·

177 1682 318 1737 euntibue
330 1678 520 1735 Scholasticie
532 1676 682 1733 nonnulli·
694 1676 868 1744 Thomistie,
893 1676 939 1732 Ni
947 1694 973 1730 o.
988 1678 1020 1731 M
1028 1676 1063 1729 el
1071 1676 1185 1733 eitten
1193 1700 1208 1716 -

177 1769 245 1821 ohe
263 1768 316 1834 (de
331 1765 362 1818 io
376 1764 524 1817 recherche
540 1764 576 1815 de
592 1762 623 1815 ie
638 1762 741 1816 verite.
759 1762 826 1815 Per.
838 1762 917 1831 ⁴⁶75·
938 1778 1014 1833 iper.
1033 1763 1079 1830 4.)
1096 1760 1207 1831 potiffi·

175 1868 256 1907 mum
265 1850 376 1919 eliiqne
386 1846 547 1901 Certatii
563 1844 682 1917 vestigio
692 1846 847 1916 sequenter
858 1846 1061 1902 defenderunt.
1084 1846 1206 1901 Summe

178 1939 261 1993 haim
278 1935 431 1992 doctrinae
449 1949 485 1987 eo
503 1932 640 1985 revocari
657 1931 767 2001 potest,
796 1940 829 1984 ut
848 1931 981 2001 quamvie
1000 1930 1202 2001 operationem

175 2022 300 2095 pervim
311 2020 441 2074 divinem
453 2017 622 2071 immediate
634 2017 713 2069 effici
725 2016 936 2088 hominumque
949 2019 1101 2073 voluntate
1114 2025 1145 2069 et
1159 2016 1204 2069 in·

172 2109 280 2161 itinctu
297 2105 473 2159 animalium
490 2104 671 2157 occatorem
682 2105 748 2156 Deo
767 2103 821 2175 ipse
841 2105 879 2157 ed
899 2107 1078 2175 operandum
1097 2104 1202 2158 offerri

173 2194 334 2265 cogitetur.
369 2188 599 2243 Tiedemotm
610 2188 687 2259 erist
698 2190 725 2240 d.
733 2188 931 2259 specularium
939 2190 1134 2260 Philosaptte.
1155 2192 1203 2243 vl.

176 2298 233 2352 ¹5²·
254 2295 312 2349 ¹74·
329 2292 393 2347 ⁴59·

140 2422 172 2489 k)
189 2418 414 2473 Eckermeun
428 2414 543 2468 Hendd.
557 2414 584 2467 d.
598 2413 665 2470 chr.
677 2412 844 2471 Giaubereel.
864 2416 920 2469 111.
941 2428 991 2485 053
1005 2414 1038 2469 ii.

501 2718 504 2725 Ι
574 2616 607 2719 §.
638 2636 721 2697 ιιι.

103 2794 170 2862 De
195 2783 504 2885 providentio
539 2786 703 2854 divina
736 2809 830 2852 cum
862 2784 1086 2855 libertate
1118 2789 1199 2854 lto·

414 2888 550 2956 minio
582 2886 888 2956 concilianda.

201 3071 244 3143 In
263 3066 333 3142 hac
352 3066 531 3159 doctrina,
564 3061 661 3138 haud
679 3064 883 3166 spernendis
903 3063 1051 3165 quidem
1070 3063 1203 3141 advena

103 3173 277 3245 sariorum
301 3168 519 3268 argumentis
544 3168 775 3267 impugnata,
815 3182 857 3241 ut
882 3170 1078 3241 etiamnum
1099 3182 1198 3241 recte

100 3272 324 3373 acquiescere
342 3269 527 3370 poffimus,
553 3284 633 3341 ante
652 3270 772 3341 omnia
794 3268 989 3343 videndum
1008 3268 1077 3363 est,
1104 3296 1196 3369 quo-

99 3374 207 3447 modo
221 3376 262 3446 in
274 3387 370 3445 tanta
385 3396 528 3465 eorum,
579 3396 645 3442 uae
663 3372 703 3442 in
717 3372 851 3443 mundo
865 3372 955 3444 fiunt
963 3427 974 3463 ‚
1002 3368 1195 3445 cohaeren-

100 3479 151 3549 tia
166 3490 202 3549 et
215 3474 473 3575 conspiratione
491 3488 526 3547 et
546 3398 693 3572 [iiryfica
713 3487 748 3545 et
767 3470 914 3565 morali,
947 3470 993 3545 ad
1007 3499 1117 3573 quam
1130 3472 1195 3545 ad-

100 3576 248 3649 versarii
260 3575 397 3675 saepius
413 3588 709 3674 provocaverunt,
736 3574 849 3649 libera
863 3570 1021 3649 hominis
1033 3574 1196 3649 voluntas
1225 3622 1229 3629 -

105 3676 236 3749 servari
253 3678 367 3777 possit.
418 3675 525 3769 Quod
546 3691 586 3748 ut
608 3674 802 3769 efficiamr,
828 3677 994 3776 inprimis
1017 3676 1062 3751 de
1082 3676 1194 3749 liber-

105 3777 188 3849 tatis
210 3782 353 3851 veritate
374 3776 590 3851 monendum
612 3775 681 3869 est,
715 3776 915 3851 libertatem
936 3780 962 3851 i.
979 3805 1009 3850 e.
1028 3802 1107 3849 eam
1122 3772 1193 3847 hu-

102 3905 227 3951 manae
244 3880 435 3952 valuntatis
450 3878 670 3971 facultatem,
704 3906 773 3979 qua
796 3876 904 3953 homo
925 3876 1119 3952 necessitati
1135 3902 1194 3949 re·
1304 3916 1305 3924 ι

100 4006 181 4054 rum
204 3978 431 4083 physicarum
453 3978 551 4051 haud
572 3980 729 4054 absolute
751 3980 930 4055 obnoxius
952 3980 1059 4051 finem
1081 3992 1116 4051 et
1136 4003 1197 4050 ra-

99 4084 213 4156 tiones
228 4080 356 4183 agemli
369 4110 416 4156 ex
428 4082 462 4155 sa
475 4080 549 4181 ipse
563 4079 707 4155 haurire
718 4082 866 4183 suaeque
881 4082 1037 4155 actiones
1050 4078 1124 4181 ipse
1139 4078 1198 4154 di-

101 4186 216 4283 rigere
230 4184 362 4285 potest,
386 4210 469 4259 cum
483 4184 695 4262 couscientia
708 4184 795 4285 legis
809 4182 953 4257 moralis
967 4184 1199 4259 eternorum
