2792 4759
214 360 287 426 112
412 349 678 442 Prosegomeno.
731 344 847 442 Caput
866 349 938 419 111.
988 339 1021 444 §.
1043 359 1107 424 81.

209 522 369 624 scriptis,
406 535 503 597 recte
524 537 751 624 exponantur
768 520 823 619 ⁸);
858 537 934 592 tum
955 523 1113 596 cuiusvis
1134 523 1318 626 dogmatis

210 627 302 700 ratio
323 625 480 717 biblica,
519 625 822 724 interpretationis
839 624 1316 724 grammatico-historicae

210 755 278 830 ope
300 727 455 800 eruenda
471 725 692 826 explicetur3
724 731 866 814 deinde,
900 725 1021 800 addita
1040 727 1139 804 illius
1158 727 1315 808 hillario

207 845 315 928 atque
333 827 500 918 censura,
531 843 639 928 typus
661 826 837 924 dogmatis
858 827 904 902 ad
926 829 1105 932 principia
1126 831 1312 908 doctrinae

206 931 431 1006 Christianae
514 929 620 1020 ioris,
646 925 781 1002 ethices
795 928 1026 1006 fundamento
1039 931 1309 1034 superstratum,

208 1032 373 1107 universa
392 955 587 1130 eatffique
608 1055 691 1102 cum
712 1029 814 1104 sanae
832 1031 980 1104 rationis
1000 1059 1124 1134 praece
1151 1036 1197 1108 tis
1215 1035 1308 1112 bene

207 1135 473 1226 convenientia,
508 1145 655 1205 exactus
681 1146 788 1232 atque
810 1131 1049 1208 conformatus
1070 1061 1303 1232 consiliarium

207 1237 335 1312 modus
359 1240 506 1330 denique
529 1233 706 1332 dogmatis
732 1233 771 1306 iu
798 1233 1017 1310 institutione
1069 1237 1209 1338 opulari
1232 1255 1306 1313 tra-

206 1339 349 1431 ctandi,
388 1353 495 1439 prout
517 1336 686 1436 temporis
708 1336 799 1409 ratio
824 1332 992 1436 postulat,
1031 1263 1087 1413 idi·
1155 1367 1200 1414 ue
1222 1343 1306 1416 usus

207 1442 388 1543 practicus
403 1439 581 1514 doceatur.
634 1435 766 1528 Quodsi
787 1433 882 1510 hano
902 1365 1305 1542 amodudimuendo

207 1569 267 1637 ea,
301 1567 393 1644 quae
410 1543 449 1614 iu
462 1539 678 1638 dogmaticas
693 1537 881 1639 disciplina
902 1555 996 1614 certa
1017 1541 1097 1615 sunt
1118 1557 1225 1643 atque
1245 1547 1305 1618 in-

205 1646 389 1735 dubitata,
423 1643 539 1715 denuo
556 1640 762 1714 confirmata
779 1639 877 1712 atah
892 1641 1036 1714 incertis
1052 1643 1110 1716 vel
1123 1645 1303 1747 ambiguis

205 1748 362 1851 separata
379 1745 530 1834 suerint,
557 1766 620 1815 nos
634 1741 781 1840 quidem
796 1742 928 1843 optima
943 1742 1095 1816 stabiliri
1110 1762 1145 1819 et
1159 1774 1304 1848 promo-

97 1922 101 1927 .
203 1851 282 1924 veri
301 1844 393 1949 polle
412 1860 579 1947 putamus
594 1843 804 1942 religionem
819 1843 917 1916 illam
933 1843 1183 1943 subiectivam‚
1210 1877 1303 1950 quae

204 1978 278 2028 nou
291 1949 405 2048 magis
420 1974 441 2020 a
457 1945 552 2020 sutili
566 1944 721 2046 quadam
735 1945 999 2040 incredulitate,
1019 1974 1129 2046 quarn
1141 1975 1161 2022 a
1175 1953 1303 2046 mysti-

202 2057 256 2130 cis
271 2049 502 2154 opinionibus
520 2062 553 2120 et
575 2045 808 2147 superstitiosa
827 2045 1003 2121 librorum
1023 2049 1302 2144 spalliolieorum

201 2155 426 2230 veneratione
447 2149 654 2241 abhorreat,
686 2173 878 2248 veramque
892 2147 1033 2224 homini
1051 2154 1147 2226 viam
1162 2155 1209 2228 ad
1223 2157 1300 2242 rir-

200 2273 314 2336 tutem
324 2253 561 2328 Christianam
573 2251 791 2350 salutemque
805 2265 983 2326 aeternam
997 2254 1192 2354 pateiaciat.

236 2429 267 2502 a)
292 2422 462 2480 Formulam
479 2417 636 2474 doctrinae
654 2415 876 2480 ecclesiasticam
895 2432 911 2469 a
930 2417 999 2473 solia
1019 2418 1103 2476 libris
1123 2421 1300 2492 symbolicia

269 2507 460 2582 repetendam
479 2505 551 2572 eise,
574 2502 678 2576 docuit
695 2501 1000 2557 Bretschneider
1019 2504 1133 2561 Hondb.
1150 2509 1176 2560 d.
1192 2509 1299 2577 Πομ.

265 2599 291 2653 1.
310 2612 345 2649 ao
358 2595 387 2648 u
423 2591 471 2644 ci.
491 2592 587 2645 Form.
601 2587 692 2641 Cone.
710 2587 768 2641 Sol.
783 2585 857 2641 daal.
877 2587 972 2657 praef.
991 2605 1020 2658 p.
1035 2591 1096 2659 ⁶5¹·
1122 2593 1299 2664 „corruim-

266 2682 362 2737 diaria
374 2677 427 2734 illa
441 2673 595 2728 doctrinae
608 2671 707 2726 irrina
727 2673 770 2735 <et
788 2671 865 2741 quali
885 2679 991 2741 typar,
1011 2672 1044 2728 iu
1057 2691 1115 2744 quo
1127 2679 1297 2734 communi·

264 2764 420 2830 doctrina,
446 2777 534 2832 quana
547 2755 686 2812 ecclesiae
700 2755 870 2812 fincoriorir
891 2763 922 2808 ct
941 2755 1120 2814 “formatae
1140 2761 1296 2830 religionis

264 2851 461 2922 profitentur,
480 2843 600 2898 everha
616 2839 670 2893 Dei
686 2839 814 2893 collecta
829 2840 930 2908 exstat)
944 2856 1003 2895 uon
1017 2845 1157 2913 privaris,
1180 2846 1296 2916 seripu-

264 2937 351 2989 ilicis
366 2929 485 3001 scriptis
501 2926 559 2980 niti
575 2923 689 2978 debrt”
708 2952 759 2978 -.
796 2923 958 2978 Commode
972 2935 1070 2979 tamen
1089 2929 1221 2984 sormula
1240 2930 1295 2987 illu

262 3016 415 3082 doctrinae
430 3011 590 3082 symbolica
610 3017 640 3061 et
660 3006 851 3061 ecclefiaaica
866 3007 1007 3064 illustrari
1022 3019 1053 3065 et
1066 3013 1179 3085 expleri
1199 3015 1294 3088 potest

203 3137 206 3144 ·
262 3100 404 3161 adhibitis
418 3094 698 3166 antiquariorum
712 3093 799 3164 supra
812 3091 846 3149 11.
