2792 4759
180 294 257 374 28⁰
442 288 539 359 Pars
562 284 616 360 ΙΙ.
667 284 757 379 Cap.
780 283 852 357 W.
901 276 937 381 §.
964 288 1024 359 94.

182 458 239 563 (§.
256 458 359 560 62),
392 484 510 633 mim
526 458 747 535 exfistentioe
764 456 893 533 mnndi
910 460 1003 531 ratio
1019 455 1202 554 absoluta,
1222 458 1303 535 tal-

181 567 238 638 aia
254 560 436 663 cogitandi
465 562 613 663 egibus,
647 561 713 635 nili
737 586 758 633 a
779 561 934 635 folaDei
953 562 1210 663 omnipotentis
1233 590 1302 636 vo-

182 666 321 745 luntate
343 678 485 736 aeterna
502 662 538 764 ᾖ)
565 680 601 739 et
622 662 669 735 ab
694 678 857 756 aetern0,
900 662 1035 765 quippe
1066 690 1159 763 quae
1191 666 1302 741 nullis

184 766 357 869 temporis
373 764 507 839 finibus
522 766 684 839 obnoxia
706 764 756 837 est
779 759 833 862 (§.
855 762 955 861 68.),
988 765 1303 843 1111111111-

185 870 315 961 tricem
329 866 512 943 exserente
527 866 597 967 (lo.
616 865 745 965 111)
762 866 814 965 1),
837 868 952 967 repeti
966 867 1090 967 potest.
1125 870 1303 946 Doctrina

186 972 250 1047 illa
265 968 311 1043 de
325 966 525 1043 exfistentia
538 970 667 1043 mundi
684 994 705 1041 a
723 968 796 1041 l'olo
809 970 886 1041 Deo
901 969 1091 1069 repetenda
1108 974 1300 1049 creationis

187 1071 355 1173 dogmate
378 1070 539 1145 involuta
559 1072 649 1165 fuit,
682 1096 755 1170 quo
771 1071 928 1171 origines
944 1072 1073 1145 mundi
1091 1096 1114 1144 a
1131 1072 1297 1174 [iugulari

214 1172 349 1247 uodam
365 1188 448 1245 actu
464 1172 587 1246 divino
603 1172 821 1245 derivantur.
875 1172 1014 1247 Creatio
1032 1188 1153 1247 autern
1172 1178 1294 1253 mnndi

188 1198 238 1351 ic
252 1273 397 1349 definiri
411 1274 517 1368 solet,
541 1289 583 1347 ut
596 1274 638 1347 [it
655 1298 696 1347 ea
714 1272 857 1346 divinae
871 1274 1064 1347 voluntatis
1081 1278 1175 1349 actio
1182 1335 1194 1371 ‚
1227 1304 1297 1381 qua

188 1378 325 1481 partim
348 1383 502 1451 materia
524 1376 652 1451 mundi
672 1374 700 1449 i.
719 1374 815 1475 ipfae
837 1372 1051 1451 substantiae
1077 1379 1216 1477 primae
1240 1408 1301 1455 ea-

187 1504 345 1579 rumque
358 1478 454 1564 vires
469 1474 622 1577 (creatio
632 1482 758 1573 primo
772 1503 792 1551 a
808 1476 987 1551 nonnullis
1002 1476 1038 1577 ὅ)
1054 1478 1185 1576 dicta),
1210 1506 1305 1583 par-

188 1582 260 1659 tim
275 1582 403 1675 forma
425 1580 451 1654 f.
466 1596 562 1654 certa
578 1578 772 1655 earundem
792 1581 997 1653 coniunctio
1018 1582 1116 1655 certis
1134 1584 1299 1680 quibus-

188 1680 278 1756 ·dam
294 1682 561 1757 accommodata
574 1682 709 1755 finibus
724 1678 789 1755 effe
806 1683 924 1782 coepit
942 1680 1087 1779 (creatio
1095 1684 1296 1787 seiunctio),

193 1782 270 1859 Atti
285 1782 319 1885 ²)
338 1783 561 1885 distinguunt
576 1785 791 1857 creationem
799 1788 961 1879 primam
977 1783 1002 1857 i.
1014 1790 1244 1879 primitivam
1262 1807 1303 1865 et

193 1888 443 1957 immediatam
466 1882 504 1963 h.
521 1912 552 1960 e.
570 1884 772 1960 absolutum
789 1886 978 1959 creationis
999 1886 1145 1961 initium
1161 1914 1183 1961 a
1200 1917 1302 1965 cren-

189 1987 293 2083 ¹tione
308 1988 472 2079 secundo
497 1986 523 2061 i.
546 1993 754 2059 continuata
776 1988 972 2087 eademque
994 1996 1174 2079 mediata,
1205 2020 1299 2093 quae

193 2110 262 2193 per
284 2088 406 2162 causas
426 2088 615 2181 leocados,
654 2091 748 2163 vires
771 2091 944 2163 nimirum
972 2106 1008 2163 ct
1033 2092 1129 2191 leges
1153 2108 1296 2169 naturae
1342 2184 1346 2191 ῃ

193 2204 369 2293 perpetuo
391 2190 497 2265 cursu
521 2193 749 2267 continuatur
772 2189 1011 2289 (Gen.1,11.
1038 2208 1097 2269 22.
1125 2209 1184 2271 28.
1219 2198 1295 2272 lob.
1376 2226 1377 2259 t

199 2305 428 2386 1ο,11-12.
454 2291 509 2366 11.
529 2308 611 2385 139,
630 2306 803 2369 13—16.
830 2294 911 2366 Act.
932 2296 1228 2396 17,25-211.);
1252 2300 1301 2372 il-

194 2390 271 2469 lam
292 2419 359 2496 per
379 2396 675 2496 omnipotentiam
698 2398 917 2489 absolutam,
951 2392 1045 2471 hanc
1068 2424 1135 2497 per
1155 2406 1302 2473 ordina-

196 2511 276 2568 ram
291 2498 585 2597 omnipotentiam
601 2492 654 2594 (§
673 2495 754 2596 68.)
775 2496 854 2571 fieri
869 2498 1003 2573 dicunt.
1058 2500 1301 2579 Ceterum-ne-

196 2624 269 2698 que
283 2599 481 2700 Epicuri
497 2614 738 2675 commentum
749 2598 838 2671 illud
852 2600 896 2672 de
908 2608 1107 2672 atomorum
1118 2611 1298 2703 concrasu,

222 2725 287 2773 uas
299 2700 457 2801 pondere
471 2700 533 2773 suo
548 2699 712 2774 deorsum
721 2700 809 2774 latas
817 2758 828 2795 ‚
843 2703 1035 2775 ‘accedente
1049 2701 1197 2781 ‘fortuita
1211 2736 1299 2809 qua·
1376 2752 1377 2781 t

195 2726 283 2875 iiam
305 2801 510 2874 turbulenta
532 2804 776 2895 concursione,
812 2818 847 2877 et
870 2802 1077 2878 adhaesione
1098 2823 1134 2880 et
1155 2812 1300 2909 copula-

195 2903 295 2974 tione
312 2901 488 2975 mundum
507 2902 729 3003 singulosque
750 2906 825 2979 eius
845 2920 963 3005 partes
979 2904 1130 2982 effecttre
1147 2911 1218 2984 fibi
1233 2914 1301 2987 fin-¹

196 3000 307 3102 gebat
315 2994 341 3068 'i
343 2993 384 3101 ),
426 3030 541 3103 neque
564 3012 831 3100 Bylazoismna,
871 3008 936 3080 ‹u'i
965 3023 1145 3084 aeternam
1168 3016 1300 3089 mundi

196 3104 385 3181 materiem
408 3100 500 3202 (ὕλην
520 3105 697 3204 ἀγέννητον)
729 3108 768 3179 vi
797 3036 952 3209 quadam
978 3110 1081 3183 vitali
1106 3116 1299 3190 animatam

197 3203 266 3279 effe
283 3204 536 3305 contentari),
562 3236 678 3310 neque
688 3214 942 3282 Emonationis
957 3210 1137 3308 doctrina,
1163 3242 1186 3288 a
1202 3220 1298 3293 Gno-

197 3304 297 3395 sticis
311 3306 539 3407 dennurgum
552 3308 608 3409 ⁸),
640 3326 676 3385 et
691 3336 718 3383 a
736 3312 947 3387 Cabbaliitis
964 3314 1184 3391 radiationes
1205 3320 1297 3393 divi·
1376 3314 1377 3325 ¹

198 3432 267 3485 nae
289 3423 436 3483 naturae
452 3408 482 3508 Ι’)
504 3411 794 3507 defendentibus,
834 3416 932 3488 varie
954 3432 1144 3511 exornata,
1183 3448 1297 3523 neque

197 3507 516 3609 Pantheiamrra·(§.
530 3512 628 3613 58),
649 3542 715 3589 nec
730 3514 883 3615 denique
898 3519 1108 3593 Duolismue
1123 3522 1296 3597 Zoroa-

197 3613 303 3689 iiris
324 3628 360 3687 et
382 3614 675 3690 Manichaeorum
691 3615 748 3715 t),
781 3622 1007 3718 argumentis
1029 3638 1145 3697 rectae
1158 3626 1298 3717 ,rationi

198 3714 396 3818 probandis
412 3716 531 3790 evinci
546 3718 671 3818 potest.

216 3911 219 3916 ⁴
233 3898 265 3967 1)
281 3900 379 3951 111111
390 3898 469 3951 Krit.
482 3900 508 3951 ri.
521 3898 618 3951 reineri
629 3898 710 3954 Vera.
728 3902 780 3969 445
793 3902 823 3955 [i.
861 3900 930 3955 Add.
945 3903 1033 3957 eiusd.
1051 3904 1240 3977 Voriesurtgcn
1253 3912 1299 3969 itt.

267 3986 296 4038 d.
308 3984 414 4052 philos.
428 3984 669 4051 Religionsicirrae.
690 3988 724 4039 L.
741 3994 815 4056 1817.
837 3988 927 4040 161Π.
945 4016 981 4029 -
1015 3989 1175 4045 Notionem
1187 3994 1298 4063 mundi,
1313 3982 1320 3989 ⁸

266 4084 327 4120 non
340 4062 393 4121 sifi
405 4085 507 4122 rerum
519 4078 626 4121 natura
639 4078 669 4121 11
679 4070 852 4125 astronomia
866 4070 1041 4140 potiffimunr
1053 4072 1158 4129 melior
1170 4078 1300 4147 cognito,

269 4149 376 4205 ieelim
394 4154 490 4224 magis
500 4153 659 4211 :excultam
677 4157 759 4226 1111,
774 4156 861 4223 docet
872 4157 1033 4229 descriptio
1042 4159 1110 4215 cius
1119 4159 1157 4215 iu
1169 4146 1301 4229 tiarati.
