2792 4759
171 397 177 409 ·
227 366 422 436 Da'Uan.
440 361 659 461 ὤμω.
677 374 1024 460 reoteaomponendo.
1092 383 1173 448 '107

82 539 173 614 mala
195 539 399 639 evangelica
420 539 593 618 tradenda
615 535 681 613 6116
705 539 950 642 conspicuam,
978 543 1074 644 quod
1087 544 1177 646 iqui-

83 644 157 715 dem
174 641 362 714 universae
378 641 673 742 Evangelicorum
688 642 849 716 ecclesiae
870 667 891 716 a
913 645 1091 719 nonnullis
1106 647 1178 719 cri-

82 745 168 816 mini
189 742 316 816 datum
337 742 388 816 ost
407 742 453 840 ⁴).
513 744 646 816 Verum
672 743 719 816 ad
746 743 1052 846 reprehensionem
1073 747 1177 820 istam

80 843 456 918 henediiudicandam
475 841 546 919 hoc
565 843 782 946 potissimum
798 847 989 922 tenendum
1004 846 1039 946 t)
1058 848 1177 922 canse-

80 973 173 1021 mua:
205 951 369 1042 primum
390 943 457 1019 elle
480 948 644 1040 omnino,
677 947 763 1020 licet
785 948 973 1026 nonnullae
995 950 1178 1050 religionis

80 1049 263 1121 doctrinae
284 1047 388 1148 saepe
409 1049 449 1122 iu
470 1048 623 1120 dubium
644 1062 807 1140 vocatae,
843 1050 899 1121 vel
919 1065 1049 1124 temere
1071 1067 1178 1152 atque

79 1149 279 1222 inconsulto
297 1164 437 1220 mutata
457 1149 571 1220 sorma
591 1149 787 1249 propositae
806 1148 956 1241 suerint,
990 1151 1179 1226 oertiffima

80 1249 279 1350 theologiae
286 1249 506 1323 Christianae
518 1249 923 1350 theoreticoapracticae
936 1251 1177 1347 solidamenta,

83 1378 190 1452 quae,
234 1351 331 1424 salva
354 1352 525 1451 religione
550 1349 750 1426 Christiana
776 1352 922 1452 ipsaque
947 1356 1083 1428 ratione
1106 1353 1178 1428 hu-

82 1481 204 1547 mana,
225 1455 360 1526 variari
373 1454 516 1553 prorsus
530 1469 712 1553 nequount
726 1452 778 1551 ι);
807 1460 931 1526 deindo
945 1455 1102 1529 studium
1115 1484 1178 1530 ve-

81 1558 196 1629 ritatis
215 1556 322 1628 altius
338 1555 558 1652 indagandae
575 1569 611 1627 et
625 1557 757 1628 metius
777 1557 1053 1656 cognoscendae,
1081 1557 1179 1658 quo'd

81 1658 154 1757 ipsa
167 1657 344 1758 scriptura
358 1656 385 1728 1.
400 1657 503 1728 valde
516 1656 740 1730 commendat
753 1659 803 1730 lo.
820 1668 853 1751 5,
872 1675 930 1735 39.
961 1673 994 1751 8,
1009 1675 1066 1736 32.
1098 1661 1175 1734 llo.

84 1768 116 1851 4,
135 1775 169 1834 1.
203 1759 317 1833 1Gor.
336 1770 468 1848 10,15.
500 1756 804 1852 1Τ116115,21.,
838 1762 950 1834 aDeo
972 1760 1047 1862 ipso
1067 1763 1180 1836 menti

82 1858 278 1953 humanae,
303 1860 388 1933 licet
403 1861 518 1932 errori
532 1859 604 1932 sem
631 1885 670 1932 er
683 1861 880 1955 obnoxiae,
907 1859 972 1935 6116
989 1861 1178 1958 tributum,

82 1979 117 2036 et
135 1963 336 2064 quidquid,
362 1964 439 2035 Deo
454 1959 525 2034 hoc
542 1887 700 2034 studium
715 1963 936 2056 moderante,
963 1964 1180 2042 deverare·

82 2065 216 2163 ligione
238 2066 410 2164 temporis
432 2061 585 2136 successu
607 2062 654 2134 ab
675 2061 882 2136 hominibus
904 2067 1033 2138 rentius
1054 2066 1181 2167 explo-

83 2181 259 2243 intumet
284 2167 467 2264 cognitum
489 2164 615 2256 fuerit,
649 2180 820 2264 tanquam
840 2167 887 2238 ab
904 2165 980 2268 ipso
996 2169 1072 2240 Deo
1095 2193 1180 2268 pro*-

83 2267 219 2340 iectum
242 2267 340 2339 nulla
364 2267 403 2338 vi
423 2263 580 2338 humana
607 2265 713 2338 obrui
741 2293 806 2340 neo
835 2267 963 2341 debere
993 2295 1058 2342 nec
1086 2267 1180 2368 pollo

86 2365 189 2464 (Act.
208 2379 242 2459 5,
260 2366 361 2464 88.);
403 2367 635 2442 conscientiae
660 2383 779 2440 autem
810 2365 985 2442 humanae
1017 2369 1181 2442 libertate

84 2469 245 2566 turpiter
264 2469 398 2544 ademta
419 2484 481 2540 aut
501 2470 650 2541 coercita
661 2525 671 2560 ‚
706 2495 778 2542 non
800 2471 865 2541 nisi
886 2471 1051 2542 inertiam
1074 2486 1180 2569 atqua

85 2567 292 2642 socordiam
304 2571 465 2670 variique
480 2571 619 2668 generis
633 2573 722 2642 vitia
738 2585 773 2642 et
787 2571 879 2642 mole
893 2571 985 2644 saeta
1002 2571 1179 2669 progigni.

84 2676 259 2758 Accedit,
291 2672 384 2771 quod
404 2698 519 2771 neque
542 2670 635 2744 lesus
657 2670 733 2772 ipse
758 2697 873 2771 nequa
892 2670 1051 2771 Apostoli
1074 2671 1182 2742 disci·

87 2773 184 2873 pulis
200 2787 334 2849 certam
349 2775 529 2873 quandam
549 2772 846 2874 praescripserunt
861 2773 945 2846 fidei
966 2771 1183 2874 profitendae

88 2875 281 2947 formulam
293 2877 400 2949 unice
411 2875 617 2966 tenendam,
638 2876 742 2968 adeo,
765 2890 806 2948 ut
819 2876 938 2976 potius
950 2875 1104 2949 liberum
1112 2876 1183 2954 Dei

89 2978 226 3050 cultum
242 2976 413 3048 moralem
430 2976 556 3048 diserte
578 2978 820 3078 praeceperint
843 2979 892 3054 Io.
911 2987 944 3070 4,
964 2993 1022 3052 23.
1051 2987 1110 3053 21.
1146 2992 1181 3078 8,

93 3094 151 3154 82.
181 3078 355 3169 wer-8,
376 3092 432 3152 17.
461 3077 538 3152 Gal.
556 3088 589 3170 5,
610 3094 641 3153 1.
666 3094 701 3152 et
717 3079 915 3152 doctrinam
936 3078 1183 3178 proposuerint

91 3181 141 3255 ita
156 3195 408 3282 comparatam,
423 3194 463 3250 ut
478 3205 518 3251 ea
531 3181 654 3280 perfici
668 3195 703 3252 et
717 3179 820 3280 possit
835 3195 869 3251 et
883 3180 1010 3252 debeat
1021 3175 1074 3276 (§.
1087 3179 1181 3279 27.)

92 3287 283 3362 Praeterea
298 3279 414 3354 nostra
429 3297 540 3352 aetate
554 3283 626 3352 iam
640 3307 682 3352 eo
696 3281 866 3381 perducta
880 3307 936 3353 res
952 3281 1018 3372 est,
1044 3297 1084 3354 ut
1099 3284 1184 3355 relia-

94 3386 152 3482 gio
167 3383 365 3457 Christiana
382 3408 452 3454 non
469 3382 534 3457 nili
550 3382 640 3454 bene
658 3382 904 3480 distinguendo
920 3409 962 3458 nc
977 3383 1011 3455 se

94 3511 185 3583 quae
202 3484 249 3558 ad
267 3484 419 3557 sormam
434 3484 510 3556 eius
524 3481 722 3578 mythicam
738 3479 790 3580 (ᾧ.
810 3483 866 3582 9.)
889 3500 994 3584 atque
1012 3411 1186 3580 symboli-

97 3586 226 3687 caml)
246 3588 444 3688 pertinent,
478 3600 513 3658 et
532 3610 622 3684 quae
642 3609 727 3657 vera
747 3600 852 3684 atque
869 3601 1009 3659 aeterna
1027 3587 1187 3664 eiusdem

100 3686 311 3760 constituunt
331 3687 579 3780 fundamenta,
621 3688 755 3786 quippe
784 3686 918 3779 mythis
946 3713 987 3762 ac
1015 3687 1187 3780 symbolis

97 3787 223 3887 passim
237 3789 412 3881 involuta,
439 3813 531 3861 nova
546 3789 701 3887 quadam
714 3787 791 3866 luce
809 3789 1004 3861 collustrari
1019 3804 1053 3860 et
1067 3787 1187 3860 homi«

96 3889 203 3962 nibus
219 3892 428 3968 cultioribus
444 3891 691 3990 sulitiliorique
711 3891 842 3962 artium
865 3906 899 3962 et
920 3891 1102 3962 literarum
1126 3915 1187 3962 co*

94 3993 253 4090 guitione
275 3993 425 4065 imbutis
442 3993 557 4067 denuo
574 3991 814 4064 commendari
832 3991 936 4090 possit
953 3990 996 4088 ε).
1048 3996 1187 4062 Deinde

94 4107 233 4166 tantum
254 4095 371 4184 abeli,
403 4109 444 4166 ut
458 4093 618 4166 ecelesiae
634 4092 833 4165 institutum
854 4091 923 4162 sola
941 4090 1095 4190 quadam
1113 4093 1188 4164 sor-

94 4198 190 4276 mula
210 4197 432 4279 immutabili
451 4195 649 4272 conservari
672 4219 716 4270 ac
741 4193 915 4270 contineri
935 4193 1056 4301 pellit,
1090 4195 1189 4302 quod

1038 3385 1183 3476 arando5
1309 3409 1311 3412 ·
