2792 4759
209 323 279 389 „,
440 210 530 351 rin
552 272 605 341 rr.
656 268 741 363 cap.
766 266 835 343 ιν.
883 260 920 364 l.
946 280 1006 345 99.

668 452 704 554 §.
732 472 790 535 99.
905 507 908 515 ·

229 618 290 689 ῃ,
316 596 518 687 imagine
549 594 714 663 divino
746 594 963 662 doctrino
995 592 1171 663 biblica
1205 608 1249 664 ct

566 696 903 789 ecclesiastica.

288 844 388 938 Quae
408 845 588 919 nonnullis
609 844 781 920 Geneseos
803 844 893 918 locis
914 842 958 919 de
980 844 1134 944 imagine
1152 844 1286 921 dicun-

192 968 249 1026 tur
263 947 383 1020 ‹livina
398 944 453 1047 ¹),
486 946 532 1019 ad
548 973 657 1047 quam
673 943 783 1020 homo
801 961 939 1020 creatus
961 946 1020 1039 sit,
1052 970 1092 1018 ea
1110 946 1155 1019 atl
1174 947 1289 1045 signi-

189 1046 367 1147 ficandum
383 1048 575 1149 imperinm
595 1050 636 1122 in
654 1074 711 1121 res
733 1062 866 1122 creatas
882 1046 1022 1121 homini
1040 1048 1151 1139 aDeo
1165 1048 1285 1121 tribn-

189 1166 267 1226 tum
288 1146 526 1247 (Gen.1,2o.
566 1149 620 1223 Pl.
645 1164 679 1241 9,
705 1164 829 1225 9-9.
872 1150 956 1249 Sap.
981 1164 1014 1241 9,
1039 1164 1073 1224 9.
1102 1145 1159 1244 a.)
1182 1162 1217 1221 a
1238 1146 1286 1221 art

189 1248 302 1351 ipsam
323 1250 478 1341 indolem
500 1252 658 1350 corporis
672 1248 824 1323 humani
837 1249 871 1349 ⁵)
893 1247 1003 1347 (Gen.
1022 1260 1056 1341 6,
1075 1265 1111 1327 8.
1137 1250 1213 1323 Ex.
1227 1264 1289 1343 88,

183 1367 252 1431 80.
285 1351 329 1427 cs.
350 1351 463 1429 scor.
484 1366 541 1444 11,
560 1350 635 1450 7.),
669 1365 705 1424 et
726 1352 770 1425 orl
792 1352 951 1453 corporis
973 1349 1289 1443 immortalitatem,

188 1450 397 1529 hominibus
414 1468 494 1526 ante
509 1453 647 1555 lapsum
660 1451 868 1525 destinatam
883 1450 992 1551 (Gen.
1009 1469 1043 1545 2,
1056 1466 1113 1529 17.
1144 1466 1177 1543 8,
1195 1466 1229 1527 2.
1250 1466 1288 1529 8.

192 1569 228 1650 a,
249 1569 305 1649 99.
338 1554 421 1655 Sap.
440 1570 473 1651 1,
493 1568 549 1629 13.
587 1570 620 1646 9,
639 1570 698 1631 99.
729 1562 786 1631 94.
823 1553 902 1627 coll.
920 1555 1023 1627 Rom.
1044 1563 1077 1645 9,
1096 1568 1141 1631 99
1156 1550 1216 1651 tr.)
1240 1551 1288 1651 ⁶),-

190 1654 372 1731 referenda
386 1654 562 1728 ridentur.
595 1654 746 1728 Exstant
759 1671 878 1729 tamen
891 1654 987 1730 dicta
1001 1654 1070 1728 9119
1084 1654 1288 1747 fatiscens,

192 1756 325 1857 quibus
343 1756 387 1833 N.
404 1754 449 1828 T.
468 1770 647 1849 auctores,
679 1782 752 1829 non
774 1756 838 1829 nili
861 1757 972 1829 animi
989 1758 1135 1857 eiusque
1154 1756 1291 1831 virium

183 1854 317 1939 babita
339 1858 493 1949 ratione,
533 1872 649 1933 mente
671 1856 762 1931 iusta
784 1873 819 1932 et
840 1857 958 1931 sancta
981 1859 1138 1931 numinis
1159 1858 1292 1957 inregi-

193 1985 277 2039 nem
306 1982 348 2032 ac
377 1956 642 2041 similitudinem
670 1960 846 2037 contineri
873 1959 1091 2051 docuerunt,
1132 1956 1226 2061 Eph.
1250 1967 1287 2052 4,

195 2067 375 2137 22·--84.
414 2058 618 2149 Cot.s,1o.
656 2061 783 2153 1998,
807 2076 840 2137 9.
887 2062 971 2135 llo.
990 2075 1024 2153 8,
1044 2076 1076 2137 9.
1105 2075 1162 2137 10.
1202 2058 1286 2135 coll.

146 2163 150 2169 ’
193 2156 323 2237 Motth.
349 2170 383 2250 5,
406 2167 466 2235 ts.
510 2161 766 2253 1Petr.1,16.
826 2160 943 2255 Quam
971 2162 1161 2261 imaginem
1191 2159 1290 2235 divi-

194 2286 297 2353 nam,
328 2258 426 2335 haud
447 2260 593 2334 uberius
614 2260 760 2362 quidem
782 2262 822 2335 in
844 2262 947 2335 libris
968 2260 1004 2336 ss.
1028 2263 1240 2363 expolitam,
1266 2288 1290 2337 9

193 2361 361 2449 Patribus
386 2390 471 2437 vero
496 2378 531 2435 et
553 2387 575 2435 o
596 2359 821 2437 Scholasticis
848 2362 983 2438 diversa
1006 2366 1144 2437 ratione
1170 2364 1291 2467 expli-

195 2480 310 2541 catam
325 2462 382 2566 9),
415 2464 576 2539 ecclesiae
603 2463 739 2538 nostrae
765 2464 1031 2559 instauratores,
1069 2464 1292 2565 'Angusti-

194 2592 299 2641 num
325 2567 542 2665 potissimm
564 2562 765 2664 sequentes,
799 2568 849 2639 ita
871 2566 996 2666 pasfim
1018 2562 1288 2660 adumbratum,

194 2682 236 2741 ut
258 2724 281 2761 „
292 2672 466 2767 iustitiam
480 2671 690 2759 originalem
713 2668 737 2741 i.
755 2694 785 2740 a.
808 2694 879 2741 non
900 2666 1013 2741 solum
1033 2668 1177 2767 aequale
1197 2682 1290 2743 tem-

241 2784 440 2844 ramentum
463 2768 684 2870 qualitatum
698 2771 874 2868 corporis,
917 2769 976 2841 sed
996 2770 1103 2841 etiam
1123 2770 1290 2843 notitiam

187 2794 266 2946 ‘beei
280 2870 486 2960 certiorem,
510 2869 674 2941 timorem
687 2868 776 2962 Dei,
809 2868 977 2944 fiduciam
991 2871 1079 2962 Dei,
1110 2884 1173 2941 out
1193 2884 1290 2943 certe

195 2968 446 3047 rectitudinem
466 2984 502 3045 et
523 2970 598 3043 rim
618 2970 683 3045 ista
707 2968 882 3071 (propriis
903 2970 1063 3071 viribus)
1086 2966 1291 3045 efficiendi”

195 3066 372 3255 filibernm
400 3068 609 3170 arbitrium)
638 3070 778 3143 homini
807 3087 888 3145 ante
917 3072 1056 3175 lapsum
1081 3070 1293 3166 tribuentes,

202 3169 258 3240 'la
288 3171 363 3273 ipsa
394 3170 610 3275 potissimum
638 3173 830 3273 imaginem
861 3188 896 3247 et
927 3171 1192 3247 similitudinem
1220 3173 1294 3245 Dei

197 3253 486 3369 comprehensam
500 3272 599 3348 fuisse
616 3272 781 3347 docerent
797 3272 841 3375 ε).
894 3272 1034 3371 Quibus
1050 3275 1170 3376 politis
1188 3271 1294 3347 theo-

197 3371 272 3471 logi
294 3372 404 3444 nostri
426 3372 470 3445 ‹le
492 3374 646 3473 imagine
668 3374 733 3447 ista
754 3400 860 3474 porro
876 3374 922 3449 fic
937 3375 1132 3448 statuerunt
1149 3372 1209 3473 1),
1235 3388 1293 3468 ut,

198 3472 405 3547 discrimine
426 3474 546 3574 pofito·
558 3477 652 3549 inter
671 3476 863 3573 imaginem
879 3474 1038 3549 divinam
1059 3476 1129 3551 late
1150 3491 1186 3549 et
1207 3474 1293 3549 stri-

199 3588 254 3649 c'te
277 3575 426 3668 dictam,
453 3574 551 3648 illam
571 3578 611 3648 in
633 3578 812 3651 intellectu
835 3590 870 3649 et
890 3576 1039 3649 arbitrio
1061 3578 1208 3679 politam
1225 3574 1294 3651 elle

197 3676 415 3771 iudicarent,
449 3672 542 3750 hanc
565 3702 668 3771 vcro,
702 3692 870 3777 tanquam
888 3678 1096 3778 singularem
1112 3676 1294 3778 quandam

198 3778 312 3853 amnti
335 3776 602 3879 praestantiam,
637 3778 860 3879 protoplastis
882 3780 1082 3881 propriam,
1117 3783 1295 3877 iustitiam

197 3885 408 3975 originalem
423 3878 659 3979 appellarent,
691 3906 839 3979 eamque
855 3887 1054 3957 naturalem
1074 3906 1139 3955 nec
1158 3880 1293 3953 donum

197 3982 345 4079 aliquod
359 3986 653 4077 supernaturale,
688 3982 787 4082 quotl
806 3982 1002 4057 Pontificiis
1023 3980 1177 4084 placuit,
1211 4010 1294 4053 con·

198 4099 374 4172 aarum,
401 4086 669 4181 propagabilcm
689 4099 724 4163 et
737 4090 1013 4175 ,occidentalem
1040 4110 1111 4161 non
1125 4086 1321 4183 sulqlrur-¹
