2792 4759
175 296 244 367 181
449 290 544 365 Pura
569 290 600 363 I·
651 286 738 381 cap.
762 290 813 359 11.
863 280 897 384 §
927 294 985 363 ⁶1.

172 460 481 559 Quemadmodum
506 462 603 539 enim
626 458 776 537 historia
797 462 976 535 excitatur
999 462 1093 535 ratio
1116 458 1165 533 ad
1188 460 1283 537 lines

174 566 242 641 tibi
257 556 450 675 propositos
465 563 620 639 sanantes
637 562 899 663 consequendos
914 564 1098 663 vitamque
1116 564 1170 635 eis
1191 590 1283 637 con-

174 670 357 741 venienter
372 665 661 739 conformandam
675 663 712 762 ⁶)
720 720 730 757 ‚
757 665 808 737 itu
821 679 961 737 tantum
975 664 1092 755 altest,
1119 678 1160 736 nt
1170 664 1284 739 Chri-

177 768 309 847 stianae
324 768 506 867 religionis
520 766 727 867 disciplina,
752 791 825 839 non
839 766 904 839 nili
917 763 1065 839 historia
1077 766 1169 839 duce
1182 781 1283 839 tecte

176 868 429 971 cognoscenda,
445 868 611 969 proprius
626 868 775 940 rationis
790 864 873 940 usus
882 868 1118 967 opprimatur,
1134 880 1176 939 ut
1192 894 1236 939 ea
1251 869 1283 939 is

179 972 298 1073 potius
307 972 517 1049 incitasset
526 983 747 1045 exerceatur.
773 966 1283 1069 Christianatamenreligicne

178 1087 275 1148 certo
298 1072 455 1172 quodem
470 1086 628 1171 tempore
648 1084 775 1145 exorta
795 1069 993 1170 superiores
1014 1070 1096 1143 sunt
1116 1086 1283 1142 aeternae

178 1174 328 1249 rationis
342 1174 454 1272 leges,
475 1172 608 1272 quibus
621 1170 698 1271 ipse
713 1186 838 1247 natura
853 1168 1011 1243 humana
1024 1172 1064 1245 io
1077 1172 1279 1271 percipien-

157 1280 162 1287 “
181 1275 238 1353 dis
254 1274 527 1373 iudicandisque
543 1274 706 1347 omnium
721 1286 922 1375 temporum
936 1272 1072 1344 eventis
1089 1272 1282 1371 adstringi-
1366 1317 1367 1346 l

180 1390 241 1455 tur
257 1391 292 1451 et
309 1376 519 1451 continetur.
565 1374 750 1447 Praeterea
765 1399 869 1447 verae
884 1372 1067 1472 religionis
1079 1373 1195 1447 cultus
1208 1400 1284 1447 uon
1367 1391 1369 1470 Τ

180 1478 249 1553 nili
274 1476 461 1577 agentibus
485 1475 615 1549 mentis
639 1472 818 1549 humanae
845 1475 991 1547 somniis
1016 1474 1157 1549 viamus
1182 1472 1282 1547 effici

232 1576 305 1655 tell.
358 1577 457 1670 Quae
471 1602 585 1677 quum
599 1576 650 1647 ita
665 1576 751 1667 lint,
775 1577 885 1649 etiem
904 1573 983 1675 post
996 1591 1158 1649 exortam
1171 1572 1279 1647 Chri-

181 1603 333 1755 dianam
355 1676 579 1779 disciplinam
598 1674 762 1751 homines
782 1678 954 1777 sapientes
976 1676 1016 1749 io
1037 1702 1080 1750 eo
1099 1674 1281 1749 elalmmut

182 1778 316 1857 necesse
331 1776 400 1872 ott,
425 1792 487 1871 ut,
512 1802 604 1877 quae
619 1778 717 1851 illius
732 1775 881 1851 historia
897 1792 1006 1877 atque
1021 1777 1183 1853 doctrina
1194 1804 1281 1851 con-

183 1882 361 1973 tinentur,
385 1904 468 1954 omn
481 1879 630 1951 rationis
647 1878 798 1953 decretis
815 1894 1021 1980 comparent
1034 1894 1089 1972 et,
1109 1895 1284 1979 quantum

185 1982 265 2061 fieri
286 1979 419 2080 potest,
451 1979 642 2053 conciliare
658 1978 830 2055 l'tudeant.
881 1982 929 2053 tlt
951 1978 1081 2057 inhac
1100 1978 1177 2081 ipsa
1197 1982 1285 2055 reli·

187 2080 304 2183 gionu
329 2078 413 2155 Chr.
446 2094 717 2182 praeceptorum
746 2078 1083 2182 fundamentalium,
1115 2082 1284 2181 inprimis

187 2208 330 2275 eorum,
380 2206 447 2254 uae
463 2207 588 2255 verum
600 2182 669 2257 Dei
689 2181 826 2255 cultum
842 2206 1033 2283 veramque
1051 2184 1218 2283 pietatem
1237 2210 1284 2259 ac

187 2284 358 2358 virtutem
403 2284 564 2358 omnium
580 2280 760 2357 desideriis
781 2284 1041 2357 accommodate
1056 2283 1288 2381 adumbrant,

188 2412 273 2462 cum
295 2399 411 2460 rectae
433 2384 581 2461 rationis
603 2408 716 2484 aeque
737 2408 760 2455 a
777 2385 853 2457 Deo
874 2384 1077 2459 derivandis
1096 2387 1290 2488 principiis

124 2576 132 2591 ἱ
189 2486 435 2565 convenientia
450 2501 485 2559 et
501 2483 722 2559 consensione
738 2486 939 2561 maximum
952 2486 1043 2559 inest
1051 2504 1290 2585 ,momentum

217 2615 263 2665 uc
278 2586 444 2662 cultiores
459 2587 628 2663 etiamad
643 2610 809 2685 magnam
824 2586 921 2665 itlius
936 2587 1208 2663 adcurationem
1224 2592 1290 2663 ad-

190 2616 371 2767 ducuntur
385 2688 703 2789 impellunturque,
723 2702 763 2767 ut
777 2689 815 2762 in
830 2712 871 2761 ea
884 2687 1062 2787 specimen
1075 2691 1221 2789 aliquod
1231 2691 1291 2765 di-

191 2792 295 2865 vinae
311 2790 554 2890 providentiae
568 2788 768 2885 agnoscant.
820 2788 987 2882 Accedit,
1009 2791 1107 2889 quod
1122 2792 1187 2891 ipsi
1200 2792 1291 2867 scri-

218 2904 311 2965 tores
323 2890 360 2967 ll'.
376 2888 528 2967 adhunc
542 2887 795 2962 sententiarum
809 2889 855 2961 als
866 2890 949 2989 ipsis
963 2892 1220 2991 propositarum
1232 2895 1293 2967 in-

191 2916 311 3065 dolem
324 2990 427 3090 saepe
441 3014 587 3067 numero
602 3004 806 3088 provocant.
857 2992 1065 3065 Doctrinam
1079 2994 1176 3069 enim
1189 2996 1292 3070 suam

192 3091 372 3193 appellant
393 3092 506 3189 legem
525 3090 653 3163 animis
672 3087 862 3163 hominum
880 3090 1085 3191 inscriptam
1106 3095 1211 3171 Dent.
1228 3112 1293 3188 80,

198 3202 371 3273 11-14.
407 3192 510 3266 Rom.
532 3206 588 3285 10,
607 3205 729 3267 6--8.
763 3192 886 3267 leram.
905 3207 965 3285 81,
983 3208 1028 3275 83
1050 3193 1089 3267 ll'.
1123 3196 1235 3271 Heln.
1256 3214 1291 3290 8,

199 3308 279 3387 to.;
312 3292 406 3369 letas
426 3290 500 3393 ipse
519 3292 627 3368 fidem
647 3292 850 3383 auctoritati
870 3291 953 3367 suae
971 3290 1176 3370 habendam
1189 3324 1293 3373 recu-

193 3394 247 3470 sat
268 3390 395 3467 lllatth.
414 3408 448 3486 7,
467 3404 526 3469 21.
553 3394 597 3467 cs.
615 3394 727 3471 lllarc.
740 3408 798 3486 ta,
816 3401 898 3485 81,
921 3394 1031 3473 solam
1046 3400 1233 3475 veritatem
1244 3398 1293 3472 alt

195 3495 273 3598 ipso
287 3494 500 3571 declaratam
514 3492 676 3587 houtinm
690 3494 822 3569 lilaems
835 3496 982 3572 reddere
996 3512 1102 3598 atque
1116 3502 1292 3599 unoquis-

194 3596 249 3676 lcs
270 3622 399 3697 eosque
422 3595 469 3669 ad
490 3622 614 3671 verum
631 3596 699 3669 Dei
720 3596 856 3673 culum
877 3597 1090 3697 perducere,
1123 3600 1295 3701 professus

195 3694 325 3775 Matth.
344 3712 378 3790 a,
397 3712 456 3773 os.
495 3711 551 3787 to,
573 3712 630 3775 ce.
671 3698 759 3775 Luc.
779 3712 836 3790 10,
858 3712 916 3781 2⁷.
958 3700 1009 3775 10.
1029 3716 1062 3793 7,
1083 3716 1141 3781 17.
1176 3712 1211 3795 4,
1232 3712 1291 3783 24.

198 3814 233 3893 8,
252 3814 310 3879 82.
342 3814 399 3891 te,
418 3813 478 3877 87.
531 3802 604 3871 ilco
629 3800 749 3873 minus
772 3798 832 3871 ille
855 3800 984 3875 nititur
1005 3803 1205 3877 telliumnio
1228 3830 1294 3877 ex-

196 3903 409 4009 perientiae,
444 3900 468 3977 i.
492 3926 523 3973 e.
546 3900 732 3975 doctrinae
753 3899 833 3973 suae
862 3898 1020 3977 efficacia
1051 3904 1306 3996 saluberrima,

196 4028 217 4075 e
234 4000 434 4101 cognitione
449 4017 556 4100 atque
573 4000 637 4073 ulta
653 4002 730 4075 eius
743 4000 901 4098 legitimo
916 4001 1086 4096 oriunda,
1113 4008 1163 4078 lc.
1182 4021 1217 4100 6,
1234 4018 1292 4083 85.

200 4116 235 4200 7,
256 4118 312 4183 17.
345 4114 402 4196 16,
420 4118 479 4187 22.
499 4100 531 4203 ²)
572 4102 700 4179 Paulus
716 4116 752 4180 'et
765 4104 912 4181 loannes
927 4105 973 4182 ad
985 4131 1112 4192 ‘vuum
1124 4108 1297 4213 indagans*
