2792 4759
355 400 377 451 .·
420 378 478 451 De
506 380 685 451 minime
709 384 748 452 in
772 384 863 455 Deos
1121 394 1197 467 nrt

86 549 406 646 mantuanae,
430 566 468 634 et
480 568 523 626 ut
534 555 649 649 Deus,
680 556 778 657 quod
798 556 876 659 ipsa
895 554 1116 661 scripturas
1134 562 1193 641 dl-

87 658 179 732 serte
195 670 302 755 negat
315 656 365 728 lo.
387 668 494 748 1,18.
527 658 658 734 1Tim.
679 673 712 751 6,
733 674 825 755 164*
838 664 1191 763 corporequalicun·

87 788 160 861 que
181 760 222 832 in
243 757 365 832 oculos
385 756 573 858 sensusque
597 760 768 835 incurrat.
826 763 946 863 Atque
971 767 1192 844 narrationes

85 862 197 954 istae,
226 860 364 960 quibus
379 886 513 933 numen
529 859 647 961 ipsum
667 862 738 935 five
757 862 908 963 singulos
923 866 1016 939 Deos
1031 864 1192 949 humana

84 964 203 1037 forma
210 961 355 1035 indutos
363 960 831 1063 interhominesapparuille
838 966 1009 1041 traditum
1017 984 1080 1062 est,
1091 970 1190 1072 apud

83 1065 239 1167 populos
258 1062 421 1137 rudiores
437 1062 521 1136 satis
535 1064 757 1165 frequentes,
771 1066 816 1139 'fi
838 1067 943 1142 altius
963 1073 1189 1149 examinatae

83 1182 123 1241 et
138 1166 186 1240 ad
198 1166 380 1238 notionem
392 1164 594 1238 mriversam
604 1166 677 1239 illis
689 1166 900 1242 substratam
913 1188 1097 1247 revocatae
1108 1172 1189 1249 sua·
1282 1198 1287 1205 ·

82 1271 182 1361 rint,
213 1265 308 1341 bano
329 1266 538 1341 sententiam
555 1268 726 1343 'maxime
756 1269 978 1346 adumbrasse
1001 1273 1188 1353 videntur:

82 1397 222 1445 numen
236 1366 387 1443 notabili
401 1367 558 1469 quodam
571 1370 678 1445 modo
693 1372 734 1445 in
746 1398 869 1447 rerum
883 1388 1010 1449 natura
1022 1374 1095 1451 sese
1109 1402 1189 1453 man

82 1468 258 1547 nisestalse
277 1469 432 1543 seuvim
448 1469 549 1544 suam
568 1470 766 1547 exseruisse.
820 1474 886 1548 Sin
910 1491 1030 1551 autem
1056 1477 1188 1581 dogma

81 1574 177 1648 illud
199 1600 248 1648 ex
267 1572 497 1646 fundamento
517 1572 582 1646 suo
601 1574 740 1649 biblico
761 1590 868 1676 atque
891 1604 940 1651 ex
959 1576 1107 1655 historia
1128 1582 1187 1657 di-

81 1675 284 1767 iudicatnr,
316 1673 501 1747 clariffime
521 1690 648 1777 patet„
670 1676 861 1751 formulam
876 1679 953 1753 eins
995 1680 1114 1757 ublice
1128 1710 1188 1759 re«

82 1793 225 1877 ceptam
238 1776 696 1878 nusquamascriptoribus
709 1774 747 1852 ss.
765 1778 893 1853 diserte
906 1796 959 1853 tra
991 1784 1092 1878 'tam,
1117 1812 1187 1863 neo

81 1881 152 1955 nili
165 1880 281 1953 tribus
294 1877 371 1951 sere
384 1877 510 1951 seculis
531 1879 774 1980 praeterlapsis
788 1882 828 1954 in
844 1882 1004 1977 ecclesa,
1032 1900 1186 1961 eo·tem-

80 2006 171 2083 pore
186 1981 231 2053 ad
242 1985 459 2075 Paganismi
473 2006 609 2053 errores
623 1981 864 2083 suscipiendos
878 1984 1091 2086 procliviore
1099 2044 1110 2081 ,
1131 1988 1185 2063 ef·
1216 2036 1222 2051 ·

78 2084 202 2156 fictam
216 2098 252 2156 et
267 2082 437 2155 sancitam
452 2079 529 2155 elle.
579 2081 719 2156 Adsunt
732 2084 878 2185 quidem
892 2088 991 2159 varia
1008 2088 1185 2190 dogmatis

77 2185 214 2259 semina
238 2186 278 2258 in
298 2184 381 2285 ipsis
404 2184 508 2257 libris
530 2179 590 2278 ll,
624 2184 671 2257 ab
692 2187 883 2287 interprete
907 2190 1060 2263 candido
1085 2188 1185 2268 haud

76 2286 312 2387 negligenda3
337 2310 380 2358 ea
394 2313 478 2359 vero
489 2284 646 2359 derivari
663 2302 697 2359 et
714 2288 889 2387 explicari
905 2290 1035 2365 debent
1050 2294 1184 2392 partim

76 2416 100 2463 e
122 2387 263 2488 philolo
287 2386 490 2461 hematibus
511 2388 730 2485 quibusdam
750 2390 906 2464 Iudaicis
928 2407 963 2464 et
978 2393 1182 2489 Platonicis,

77 2490 166 2561 aeri
190 2491 250 2561 inc
287 2490 385 2561 tioris
410 2488 568 2563 indolem
590 2490 845 2583 referentibus,
886 2516 978 2591 quae
1003 2494 1077 2567 iarn
1100 2511 1183 2568 ante

75 2591 266 2691 religionis
281 2588 496 2664 Christianae
511 2591 687 2691 originem
703 2590 884 2691 divulgata
900 2606 1017 2686 erant,
1048 2596 1183 2695 partim

74 2720 127 2767 ex
152 2693 216 2794 pio
238 2692 393 2792 quodam
413 2695 453 2765 in
474 2694 684 2793 magistrum
705 2692 887 2787 divinum,
929 2696 1030 2767 cuius
1052 2693 1184 2771 frustra

76 2794 318 2896 quaerebatur
334 2794 558 2895 exemphnn,
583 2796 801 2869 reverentiae
818 2792 937 2889 sensu,
963 2817 1035 2896 quo
1049 2796 1184 2873 imbuti

74 2895 306 2973 librorumll.
321 2913 483 2970 auctores
502 2896 561 2969 vel
576 2895 653 2969 Iesu
674 2897 781 2997 ipsius
802 2896 846 2971 de
862 2897 1030 2971 Messana
1045 2898 1108 2973 sua
1125 2900 1183 2975 di-

73 3000 213 3099 gnitate
227 2999 435 3092 sententias,
467 2997 526 3071 vel
544 3000 764 3071 narrationes
780 2998 824 3071 de
837 3000 981 3098 lingulis
996 3002 1091 3076 vitae
1104 3002 1183 3079 lesu

74 3101 267 3174 manentis
283 3098 480 3195 nsytbicas,
514 3125 669 3200 quarum
690 3100 822 3174 multae
845 3100 927 3175 satis
949 3118 1087 3177 mature
1108 3106 1183 3182 iam

73 3203 284 3304 prodierant
300 3201 367 3300 (es.
384 3204 473 3277 Luc.
493 3217 525 3295 1,
542 3201 596 3300 1.)
605 3259 616 3295 ‚
641 3229 708 3304 pro
722 3200 784 3275 suo
800 3204 952 3305 quisque
968 3206 1112 3305 ingenio
1127 3223 1182 3281 at-

100 3330 148 3377 ne
170 3304 308 3379 iudicio
330 3306 428 3378 varie
449 3304 644 3382 intellectas
659 3322 918 3407 conceptusque
937 3307 1051 3383 literis
1068 3310 1183 3387 tradi-
1242 3370 1246 3375 -

73 3332 208 3479 :lerunt
226 3421 262 3480 et
279 3407 596 3508 amplificaverunt.
1186 3448 1188 3454 ⁸

107 3530 944 3646 a)cannshich·'trratkalternantium13'611'.
985 3580 1186 3637 newetta
1245 3540 1246 3543 ¹

145 3658 249 3725 Dogm.
263 3660 291 3711 d.
304 3677 346 3712 ev.
361 3659 432 3712 luth.
447 3659 562 3713 strete.
581 3667 625 3729 89.
644 3660 689 3731 96.
725 3660 907 3713 Arionismus
920 3672 950 3717 at
961 3664 1183 3717 Subordinatia-

146 3742 265 3809 nisurus,
280 3741 331 3813 qui
343 3741 465 3810 dicitur,
479 3744 659 3811 scriptorum
670 3744 702 3798 sl.
716 3744 834 3813 quidem
847 3744 941 3800 effatis
951 3748 1103 3801 nonnullis
1112 3766 1182 3803 con-

145 3827 285 3893 senium
309 3838 340 3881 at
358 3829 512 3882 enimvero
532 3845 601 3880 oum
619 3829 687 3881 sena
706 3828 822 3883 ratione
839 3830 997 3884 conciliari
1017 3840 1178 3902 nequeunt.

141 3911 287 3969 Notiones
299 3915 499 3981 generationis
510 3924 542 3967 at
555 3914 697 3981 milliariis
709 3914 768 3968 hoo
781 3926 885 3984 aperte
898 3917 1083 3987 significant,
1102 3920 1181 3989 quod

139 3997 221 4053 filios
233 3999 292 4053 Dei
315 4009 346 4053 et
362 4000 486 4069 spiritus
502 4003 524 4055 l.
544 4010 626 4055 certo
646 4000 776 4070 quodam
791 4002 879 4055 modo
897 4016 915 4053 a
928 4002 992 4053 Deo
1009 4012 1094 4071 patre
1108 4018 1181 4071 pen·

140 4082 247 4153 deant,
269 4084 357 4154 eique
369 4084 494 4137 subiecti
508 4084 580 4150 lint,
605 4100 663 4153 qno
677 4084 770 4153 polito
784 4087 979 4155 personarum
989 4082 1021 4137 in
1033 4084 1097 4137 Deo
1112 4103 1180 4157 per·

137 4168 220 4222 secta
237 4166 401 4238 aequalitas
418 4168 536 4235 prorsus
557 4166 684 4222 tollitur.
722 4168 849 4238 Spiritus
864 4162 963 4221 ‘lancti
984 4184 1054 4221 vero
1075 4187 1110 4222 ac
1129 4188 1181 4241 pa-

9 4293 10 4296 *
138 4254 196 4308 tris
215 4254 325 4308 relatio
347 4262 377 4306 et
396 4252 565 4307 coniunctio
579 4253 610 4307 in
625 4254 657 4309 ll.
672 4255 704 4308 Π.
720 4270 865 4325 nusquam
886 4256 1054 4313 accuratius
1073 4258 1178 4329 delini·

737 4344 811 4419 S2
