2792 4759
327 257 384 326 Da
407 260 531 327 divina
544 258 752 349 scripturae
768 256 807 349 s.
833 258 1053 327 anctoritate.
1166 266 1236 331 18⁵

628 442 661 543 §.
689 458 748 522 51.

133 580 204 647 De
236 584 526 675 argumentis
561 576 1116 675 divinae'scripturnef.
1150 604 1233 648 arr-

432 688 683 754 ctaritatia
719 688 930 755 internis.

251 834 432 909 Doctrina
455 832 879 936 Supernannalistarum,
919 836 1067 909 rationis
1099 834 1240 933 qnippe·

132 929 244 1005 usum
258 932 369 1009 solum
382 938 576 1029 formalem
598 936 624 1011 s.
646 941 942 1032 instrumentalem
960 933 1013 1035 (ᾗ.
1033 951 1067 1011 9.
1090 934 1164 1033 α.),
1190 947 1235 1005 ut

132 1032 292 1128 dicitnr,
330 1040 369 1111 in
394 1038 564 1138 religione
590 1038 780 1112 iudicanda
806 1040 1015 1130 admittens,
1057 1034 1239 1113 eiusmodi·

133 1154 344 1233 argumenta
360 1165 408 1212 ex
423 1139 540 1212 indole
553 1140 730 1213 librorum
744 1134 791 1214 [Γ.Ι
800 1143 849 1213 ita
863 1141 1010 1241 repetit,
1035 1154 1094 1231 ut,
1121 1160 1232 1237 quae-

134 1262 280 1335 cunque
305 1240 343 1314 iu
369 1241 415 1313 iis
437 1242 684 1316 contineantur
710 1255 787 1315 tum
809 1241 949 1315 decreta
970 1242 1009 1312 'et
1030 1254 1237 1339 praecepta·

134 1352 217 1433 tum
241 1357 402 1434 narrata,
440 1342 730 1443 arepugnantiis
763 1342 875 1419 libera
908 1340 1161 1441 martifelteque
1192 1342 1235 1413 in

133 1436 349 1549 scripturas.
366 1442 495 1517 tradita
512 1443 578 1517 elle
597 1443 835 1519 ‹lenionltrare
850 1461 1013 1535 conetur,
1040 1442 1085 1516 de
1104 1444 1149 1515 iis
1166 1466 1232 1515 au-

134 1553 229 1633 tem,
255 1568 347 1642 qnae
360 1544 557 1618 intellectus
577 1547 794 1645 rationisque
815 1546 945 1621 limites
965 1545 1148 1647 superent,
1174 1541 1232 1615 lo-

131 1639 210 1714 lam
222 1644 389 1719 credendi
405 1646 640 1720 nocellitatem
654 1648 859 1749 simpliciter
877 1650 1026 1751 imperet
1040 1644 1086 1747 ⁴).
1140 1644 1232 1738 Quia

133 1742 209 1815 ltus
233 1744 351 1845 politis
373 1774 421 1821 ex
442 1748 659 1847 argumentis
680 1749 830 1821 internis
854 1750 893 1823 id
915 1748 1021 1822 modo
1043 1748 1234 1837 evincitur‚=

132 1844 334 1921 (leoninam
356 1849 394 1921 in
415 1848 588 1949 scriptura
604 1848 630 1922 l.
652 1850 865 1949 propositam
888 1850 935 1923 ab
958 1848 1033 1950 ipso
1049 1850 1125 1922 Deo
1146 1858 1234 1949 pro-²

133 1944 247 2021 ficisci
267 1949 426 2049 potuisse.
442 1998 447 2005 ·
479 1952 569 2025 Gum
588 1953 806 2053 perlnalione
822 1978 906 2027 vero
921 1948 1231 2025 Rationalistarum
1310 2010 1314 2026 ,

132 2046 183 2119 de
206 2050 418 2125 revelatione
443 2051 598 2152 (laedam
622 2052 777 2125 mediata
803 2049 978 2151 (§12.)‚
1012 2077 1103 2151 quae
1130 2050 1231 2124 simul

130 2148 281 2323 slew
305 2153 527 2253 eundemque
552 2159 771 2225 anteriorem
801 2155 949 2228 rationis
974 2152 1077 2226 ulum
1136 2152 1231 2227 ottu-

149 2265 186 2323 at
202 2249 254 2348 ὖ),
286 2251 375 2328 haec
394 2253 563 2329 sententia
585 2271 679 2330 recte
698 2256 945 2356 coniungitur,
978 2278 1069 2355 qua,
1102 2178 1233 2327 ‹iircrh¹

131 2353 235 2424 mine
256 2354 363 2454 posito
384 2357 479 2431 inter
496 2371 745 2457 argumentum
764 2356 957 2457 scripturae
971 2353 1018 2447 s,
1045 2354 1230 2453 quotan-

132 2453 304 2553 gulorum
324 2472 462 2531 tantum
482 2473 683 2559 temporum
704 2473 739 2531 et
761 2458 921 2531 locorum
946 2454 1145 2529 rationibus
1166 2478 1230 2525 ace

131 2556 398 2631 commodatum
411 2560 539 2653 luerit,
566 2575 601 2633 et
619 2561 713 2633 inter
736 2559 875 2633 decreta
900 2573 1005 2657 atque
1028 2568 1229 2655 praecepta;

130 2682 228 2757 quae
242 2673 424 2733 aeternnm
438 2661 589 2735 valitura
604 2661 689 2753 lint,
715 2658 844 2734 horum
862 2670 1131 2762 praeceptorum
1145 2656 1229 2727 lirn-

132 2760 388 2834 damentalium
408 2764 447 2835 in
466 2762 570 2835 libra
587 2759 622 2835 ll.
640 2762 853 2835 traditorum
874 2786 958 2835 cum
976 2772 1071 2831 recta
1091 2756 1227 2829 ratione

131 2863 380 2935 convenientia
401 2864 583 2963 religionis
599 2862 817 2937 Christianae
838 2860 1087 2964 praestantiam
1107 2859 1227 2933 maxia

132 2989 192 3035 me
207 2963 355 3065 probari
373 2963 556 3038 statuimus
571 2964 622 3064 ‘);
649 2990 722 3065 qim
736 2965 829 3038 facto
846 2964 944 3038 illam
958 2961 1056 3035 haud
1071 2962 1142 3035 fine
1159 2986 1227 3032 nne

131 3066 248 3157 mine,
280 3066 427 3139 annius
449 3063 605 3140 efficacia
627 3091 859 3167 quaecunque
887 3065 981 3138 hona
1012 3077 1106 3137 recte
1130 3062 1227 3134 deria·
1317 3078 1318 3083 ’

130 3181 261 3240 vantur
283 3164 372 3263 (lac.
395 3166 547 3266 1,17.),
584 3194 667 3241 cum
692 3164 901 3240 hominibus
927 3165 1224 3240 communicatam

129 3267 216 3360 else,
248 3270 381 3368 optime
404 3268 651 3359 demonstrari,
686 3282 861 3369 putamus.
921 3268 1105 3365 Religione
1128 3266 1223 3337 enini·

128 3368 329 3444 Christiana
338 3371 456 3443 omnia
464 3372 699 3462 continentia,
715 3394 805 3469 quae
816 3366 955 3443 homini
968 3394 1049 3441 vere
1059 3366 1223 3465 religiosa

129 3471 315 3573 proboque
333 3473 478 3570 cognitu
492 3469 790 3563 necessariaiam,
823 3485 857 3565 et
876 3496 967 3571 (luae
986 3470 1161 3570 optimum
1183 3467 1222 3537 iit

130 3572 238 3647 relius
259 3574 410 3647 adversis
433 3572 601 3646 solatium·
616 3575 651 3644 ei
680 3570 856 3664 affernnt3
896 3586 1074 3673 praeterea
1097 3570 1150 3641 ita
1171 3565 1221 3637 elt

132 3690 351 3774 comparata,
364 3689 416 3747 nt
432 3689 526 3748 recte
543 3674 700 3773 expolita
715 3674 875 3747 omnium
890 3672 1104 3773 populorum
1121 3693 1225 3740 com·⁴
1311 3724 1312 3732 ,

128 3778 248 3849 munis
261 3776 328 3850 ell'e
344 3777 457 3877 possit.
511 3774 666 3849 Omnino
680 3775 862 3874 religionis
877 3772 1117 3859 Christianae,
1140 3784 1222 3841 tan*

126 3903 236 3979 (luam
252 3893 396 3950 erremus
413 3876 578 3951 historiae
599 3876 668 3948 fide
690 3877 852 3967 nitentis,
878 3876 923 3948 ad
939 3875 1112 3947 rationem
1127 3868 1221 3942 rela*

126 3996 181 4053 tae
200 3979 361 4053 conditio
375 3978 444 4051 alia
464 3978 559 4051 nulla
581 3975 646 4052 else
667 3978 797 4077 potest,
831 4002 938 4077 (luam
955 3972 1132 4048 eonnuodi
1151 3971 1220 4042 ali-

125 4082 230 4157 cuius
263 4080 310 4153 at
328 4081 447 4153 linem
476 4080 654 4180 quendam
677 4078 918 4153 obtinendum
949 4072 1218 4149 accommodati
