2792 4759
398 334 457 407 Da
483 332 680 443 exsistentia
704 330 779 437 Dei
802 331 918 405 natue.
1142 344 1213 421 toa

623 580 631 597 .
662 531 721 599 64.
746 591 750 600 .

310 518 645 755 'Argumentuhn
683 660 1008 755 catologicum.
1078 748 1083 757 ¹

95 846 99 853 ·
206 810 461 913 Argumentis,
487 828 579 911 quae
601 787 771 885 dicuntur
790 815 978 885 theoretica
999 809 1213 893 adnumera⁴

105 920 169 991 tur
189 916 218 989 l.
236 918 494 1008 catologicum,
519 910 599 1013 post
613 911 877 989 Anselmum
896 929 931 990 et
947 914 1213 995 scholasti·

108 1044 188 1093 cos
214 1042 236 1089 a
262 1013 471 1091 Cartelio
503 1012 727 1113 recognitum
758 1028 793 1087 et
818 1038 841 1088 a
864 1010 1212 1102 Mendelslonio

96 1119 231 1193 -denno
249 1117 448 1219 expolitum
461 1108 516 1213 θ),
542 1140 614 1214 quo
629 1130 777 1191 naturae
790 1111 994 1217 supremae,
1018 1146 1111 1222 qnae
1128 1150 1214 1226 pera

108 1218 301 1295 fecfiffim
328 1219 368 1291 fit
388 1216 414 1291 l.
440 1246 499 1289 ena
520 1220 767 1314 realzffimnm,
800 1232 987 1319 proterea
1018 1222 1117 1323 qnod
1145 1252 1215 1301 exn

112 1320 270 1397 fallentia
285 1319 359 1423 ipsa
372 1320 412 1393 lit
429 1315 593 1406 realiter,
619 1319 808 1394 necellario
821 1245 1050 1396 athuendam
1064 1322 1130 1399 elle
1146 1352 1215 1401 exa

116 1420 322 1515 listentiarn,
340 1421 529 1522 colligitur.
558 1420 686 1495 Contra
701 1418 797 1495 hanc
810 1422 1047 1497 ratiocinandi
1060 1425 1216 1505 formam

100 1522 212 1599 'recte
222 1520 368 1624 quidem
380 1524 558 1598 monitum
570 1521 620 1597 est
630 1520 666 1621 ⁵)
672 1576 684 1617 ,
702 1517 939 1623 exlihentiam
952 1545 1138 1627 nunquam
1148 1527 1216 1606 elle

101 1619 360 1723 ‘praedicatum
386 1626 440 1699 rei
464 1624 616 1699 alicuius
646 1625 686 1698 in
716 1626 862 1699 notione
888 1622 998 1701 huius
1025 1628 1216 1706 necellario

81 1816 85 1819 ,
114 1726 429 1831 comprehensum,
455 1724 515 1801 led
525 1746 661 1800 meram
673 1724 868 1826 fignificare
880 1726 1087 1803 relationem
1099 1756 1217 1833 quana

118 1830 203 1904 dam
227 1830 282 1905 rei
308 1828 482 1929 cogitatae
510 1826 556 1900 ad
575 1842 731 1901 mentem
750 1827 924 1923 nostram,
963 1829 1043 1904 aliis
1063 1832 1216 1933 quittae

116 1932 203 2006 dam
231 1930 449 2033 argumentis
478 1928 617 2003 idoneis
647 1929 890 2004 evincendam.
947 1929 1071 2007 Nihilo
1084 1954 1088 1961 ’
1101 1932 1217 2012 lecina

116 2050 237 2109 tamen
253 2031 326 2109 hoc
344 2032 449 2107 facile
466 2026 689 2123 conceditur,
723 2030 842 2106 ideam
862 2032 1017 2129 absoluti
1039 2028 1218 2134 (adsohtte

115 2133 289 2239 perfecti)
296 2191 309 2229 ,
333 2154 404 2236 qua
418 2133 583 2234 spiritum
597 2131 887 2234 perfectiffimum
901 2136 1142 2239 concipimus,
1168 2138 1218 2215 ab

115 2236 196 2339 ipsa
214 2263 337 2312 rerum
359 2250 485 2309 natura
506 2260 572 2337 per
594 2234 725 2334 gradus
752 2234 799 2307 ad
826 2237 1081 2337 perfectionem
1102 2259 1220 2317 emer-
1255 2238 1259 2245 ’

143 2354 225 2413 ente
245 2338 357 2412 menti
378 2335 534 2429 nostrae,
567 2350 603 2409 et
624 2338 690 2437 ipfi
711 2337 859 2410 maioris
878 2338 1106 2439 perfectionis
1128 2342 1219 2417 defi·

118 2364 225 2515 derio
245 2438 421 2532 imbutae,
461 2436 630 2513 facillime
649 2437 869 2538 suppalitari
884 2440 1039 2539 'ideoque
1057 2442 1099 2517 in
1118 2445 1220 2524 omni

107 2538 244 2618 'mente
258 2530 410 2617 humana
423 2539 515 2615 hene
531 2538 675 2613 exculta
691 2536 928 2639 deprehendi,
953 2554 991 2613 et
1003 2541 1054 2614 ita
1070 2542 1220 2643 quidem

119 2638 361 2747 deprehendi,
395 2656 438 2717 ut
461 2639 574 2715 ammi
597 2638 831 2715 conscientiae
853 2654 890 2714 et
909 2641 1049 2715 notioni
1070 2656 1220 2720 natiuae

119 2745 284 2821 infinitae
302 2770 368 2847 per
386 2743 422 2818 le
442 2741 650 2817 necellariae
665 2742 713 2815 ab
728 2738 874 2815 homine
889 2742 1142 2845 concipiendae
1159 2772 1222 2821 re³

119 2868 318 2951 pugnares,
351 2846 502 2920 livelles
515 2844 585 2917 Dei
607 2838 858 2943 cogitationem
878 2844 924 2919 ad
944 2864 1081 2919 meram
1100 2840 1220 2926 ideam

109 2944 308 3041 'revocare3
329 2972 413 3021 nam
425 2946 714 3047 interpretatione
727 2937 827 3019 ideae
840 2969 937 3019 mere
951 2944 1147 3046 idealistica
1159 2980 1223 3027 ena

120 3066 295 3151 tanquam
317 3040 474 3123 absolute
499 3040 728 3123 necellarium
754 3048 945 3148 cogitares,
984 3051 1083 3158 qnod
1106 3079 1224 3155 neque
1285 3105 1289 3116 .

122 3156 334 3225 obiectivam
357 3150 383 3223 i.
400 3176 430 3223 e.
449 3148 599 3242 realem,
634 3175 750 3249 neque
763 3152 1004 3243 subiectivam
1027 3152 1052 3226 i.
1071 3179 1102 3228 e⁴
1121 3154 1224 3231 idea·

121 3256 196 3329 lem
208 3250 361 3327 haberet
376 3248 600 3325 necellariam
611 3250 866 3345 exfil'tentiarn,
885 3248 924 3325 h.
940 3278 971 3326 e.
990 3253 1061 3326 tibi
1073 3254 1149 3357 ipse
1164 3283 1223 3332 rea

121 3376 314 3460 pugnares.
365 3352 468 3428 Unde
484 3352 617 3445 ducet,
650 3350 755 3425 inelle
776 3353 890 3426 menti
911 3350 1049 3429 nostrae
1075 3358 1115 3430 in
1138 3378 1225 3434 con·

121 3456 293 3561 cipienda
312 3456 383 3529 Dei
404 3454 484 3529 idea
507 3468 543 3529 et
562 3450 652 3548 hoc,
684 3467 727 3528 ut
744 3454 861 3527 Deum
881 3480 965 3529 vere
986 3454 1052 3531 elle
1073 3461 1224 3561 cogitet3

4 3582 5 3589 ¹
123 3574 308 3665 praeterea
329 3556 497 3649 eandem,
537 3582 651 3657 quum
672 3554 712 3629 in
736 3553 978 3631 diiudicandis
1004 3557 1113 3634 rebus
1142 3586 1227 3635 vere

125 3657 374 3735 exhltentihus
383 3658 578 3733 intellectui
588 3674 759 3731 canonem
770 3650 938 3757 praebeat
948 3656 1179 3735 rectiffimum
1191 3660 1226 3761 θ)

128 3776 167 3837 et
183 3759 471 3853 fundamentum,
497 3754 611 3859 ipl'am
632 3780 653 3830 a
675 3758 823 3833 veritate
839 3758 1053 3856 abhorrere,
1078 3756 1228 3862 probari

128 3884 204 3941 non
221 3860 335 3965 polle3
368 3886 418 3935 ex
440 3887 512 3963 quo
536 3858 734 3959 colligitur,
765 3858 826 3934 rel
867 3860 976 3936 ndere
992 3862 1027 3935 ei
1042 3858 1229 3940 veritatem
1286 3912 1308 3951 μ

127 3982 310 4040 aeternam
325 3966 365 4037 in
380 3962 561 4037 intellectu
582 3962 741 4035 numinis
760 3887 966 4065 archoetypo.
1019 3962 1100 4057 Qua
1119 3991 1229 4067 argu-

127 4070 365 4159 mentatione,
391 4064 576 4138 Platoni
596 4086 638 4137 ac
655 4063 830 4137 Stoicis
848 4065 921 4137 iam
936 4062 1107 4164 probata,
1132 4070 1229 4143 limi

125 4170 210 4249 liter
228 4184 265 4244 et
283 4158 572 4266 Augustinus
591 4164 724 4264 aliique
741 4162 950 4341 ufiNl'upt1).
