2792 4759
62 496 69 509 .
178 422 201 483 6
401 410 665 501 Prolegomerto.
718 408 834 503 Caput
851 411 890 480 ’1.
942 401 975 504 §.
1004 423 1037 484 2.

177 580 234 654 vel
250 606 331 654 cum
348 606 465 656 amore
488 582 748 658 benivolentiae
765 582 799 678 t)
821 597 1044 678 revereatur,
1071 578 1289 677 ratio,'lm-⁴

178 686 235 757 ius
259 684 397 757 cultura
419 684 542 758 l'enfim
564 686 734 779 adaucta,
770 686 920 759 ulterius
941 687 1015 759 iam
1040 685 1287 786 progreditur.'

178 786 273 860 Nam
297 786 595 885 quemadmodum
617 789 814 862 intellectui
846 790 1033 888 proprium
1056 786 1126 880 elt,
1161 788 1291 861 caulae·

177 914 299 961 rernm
321 890 511 987 exquirere
531 906 566 961 et
589 889 777 989 indagare,
819 886 928 961 homo
949 888 1107 963 constare
1131 889 1197 962 fibi
1218 916 1286 966 ue-

180 990 279 1091 quit,
305 990 370 1062 nifi
391 993 527 1064 ratione
545 990 635 1065 (luce
658 992 819 1063 omnium
841 1016 963 1064 rerum
985 992 1125 1065 caulam
1145 994 1285 1092 prima-

179 1093 273 1165 riam
291 1092 315 1164 i.
333 1116 364 1164 e.
382 1096 598 1186 absolutam,
622 1108 657 1167 et
678 1095 861 1187 infinitam
882 1095 1002 1167 arrimo
1021 1094 1089 1166 libi
1109 1094 1286 1166 informa-

179 1193 291 1284 verit,
326 1209 379 1286 et,
412 1222 526 1295 quum
548 1196 732 1268 universae
761 1210 908 1282 naturae
938 1197 1096 1295 partium
1119 1197 1285 1296 cognatio

181 1308 217 1367 et
233 1294 417 1369 conlenlirs
432 1298 466 1369 ei
482 1299 655 1389 innotuit,
682 1296 728 1369 ad
750 1324 858 1367 unum
880 1296 991 1368 totius
1011 1297 1141 1369 mundi
1160 1312 1286 1370 aucto-

181 1422 258 1469 rem
274 1396 477 1471 alceuderit.
505 1400 623 1495 (Rom.
645 1411 754 1489 1,19.
785 1396 864 1487 20.)
914 1396 1053 1469 Deinde
1068 1422 1153 1469 vero
1168 1424 1286 1500 quum

181 1524 285 1571 nemo
307 1498 361 1569 lui
384 1500 450 1572 fibi
474 1499 632 1572 conscius
654 1498 696 1569 fit
716 1497 804 1568 adeo
825 1498 939 1590 serus,
973 1500 1062 1597 quin
1080 1513 1175 1571 certa
1192 1525 1295 1598 qua<

181 1600 265 1671 dam
285 1596 476 1673 honestatis
500 1600 594 1699 lege,
633 1624 724 1698 quae
746 1598 909 1671 ordinem
931 1625 1138 1699 nexumque
1162 1624 1285 1675 rerum

182 1700 362 1803 quendam
379 1700 548 1775 moralem
564 1697 630 1772 effe
651 1715 789 1793 monet,
822 1700 857 1773 le
879 1698 1087 1774 adstrictum
1106 1699 1233 1774 sentiat
1247 1699 1284 1795 ¹¹)

183 1806 302 1899 (Rom.
323 1820 355 1895 2,
376 1811 419 1877 14
437 1800 512 1894 ll),
545 1817 581 1875 et
598 1828 711 1901 quum
726 1802 863 1874 ordinis
879 1801 981 1875 iltius
994 1829 1138 1903 quoque
1154 1802 1286 1875 lunda-

181 1920 342 1977 mentum
371 1905 410 1977 in
437 1904 471 1975 le
502 1904 646 1976 firmum
672 1902 823 2005 polttdet
846 1904 958 1995 ratio,
997 1932 1070 1977 non
1092 1902 1284 2005 pollemus,

182 2008 272 2105 quin
294 2002 475 2079 universae
496 2021 643 2079 naturae
667 2021 847 2079 auctorem
870 2006 971 2077 limul
995 2006 1173 2079 summum
1194 2007 1284 2106 legis

182 2107 329 2180 moralis
349 2108 496 2181 latorem
518 2132 559 2181 ac
581 2109 762 2181 vindicem
778 2104 844 2179 elle
864 2106 1078 2201 statuamus,
1103 2109 1168 2206 qui
1188 2107 1286 2180 tum-

182 2234 283 2281 mum
313 2208 449 2281 honum
478 2212 635 2305 absolute
663 2212 857 2309 cogitatum
886 2209 926 2280 in
956 2208 992 2283 le
1024 2210 1284 2311 complectitur.

184 2312 245 2384 Sic
271 2312 363 2383 ratio
392 2314 609 2411 argumentis
638 2327 714 2384 tam
740 2314 937 2382 theoreticis
967 2338 1077 2411 quam
1099 2318 1285 2406 practicis,

183 2426 225 2485 ut
247 2411 390 2506 dicunt,
424 2411 607 2485 hominem
629 2440 671 2487 eo
695 2414 864 2504 adducit,
897 2427 938 2484 ut
962 2414 1079 2486 ideam
1102 2414 1286 2513 religionis

183 2516 223 2588 in
248 2530 365 2589 mente
387 2514 448 2588 lua
471 2532 565 2591 recte
587 2516 764 2589 informet.
818 2514 898 2608 Qua
913 2513 1004 2588 hene
1020 2518 1179 2616 cognita,
1212 2541 1286 2588 non

210 2616 316 2709 otest,
358 2618 447 2717 quin
470 2633 616 2691 naturae
639 2618 721 2691 luae
747 2617 965 2689 suddimioris
992 2618 1095 2712 (Act.
1117 2632 1174 2709 17,
1198 2615 1284 2710 29.)

183 2642 276 2791 liene
292 2719 358 2791 sihi
374 2718 534 2793 conscius
551 2720 759 2819 religionem
773 2720 1012 2812 subiectivam
1032 2720 1079 2790 ad
1099 2719 1218 2791 ideam
1239 2718 1287 2791 il-

183 2819 275 2911 lum,
311 2822 473 2917 quamvis
488 2822 668 2893 erroribus
689 2821 828 2920 saepius
844 2820 1071 2912 obvolutam,
1104 2821 1144 2893 in
1164 2820 1286 2893 animo

184 2918 248 2994 suo
276 2921 438 2994 excolere
473 2936 579 3021 atque
610 2922 729 2995 lovere
757 2920 924 2993 omnibus
951 2922 1091 2994 viribus
1119 2924 1285 2995 enitatur.

186 3020 294 3115 Quod
316 3036 357 3093 ut
379 3020 572 3115 efficiatur,
606 3023 823 3121 etreliquae
840 3023 952 3094 animi
972 3024 1175 3116 facultates,
1208 3023 1289 3097 leu-

186 3123 301 3196 tiendi
322 3124 612 3223 imaginandique
632 3127 687 3197 vis
709 3140 745 3198 et
765 3125 964 3197 intellectus
990 3126 1210 3226 potil'limum
1228 3149 1289 3199 ra-

185 3222 298 3315 tioni,
334 3252 426 3324 quae
448 3226 520 3300 l'ola
544 3226 706 3299 idearum
727 3244 841 3300 mater
860 3242 967 3325 atque
989 3228 1114 3301 nutrix
1130 3227 1197 3320 est,
1230 3229 1290 3299 iu-

185 3324 375 3400 l'ervientes
392 3330 504 3403 amice
520 3328 745 3429 conl'pirent,
760 3326 891 3403 uecelle
906 3329 956 3400 el't
971 3330 1009 3419 ¹).
1045 3331 1144 3402 Tum
1157 3352 1290 3427 amqua-

186 3426 272 3500 bilis
287 3454 328 3502 etl
352 3445 458 3529 atque
480 3431 639 3505 constans
657 3431 783 3504 evadet
805 3436 919 3501 animi
939 3434 1100 3527 affectio,
1135 3458 1206 3525 qua
1226 3434 1291 3518 liof-

188 3558 263 3617 mo,
291 3534 495 3604 relationem
503 3535 617 3627 suom
633 3542 843 3630 eandemque
856 3549 1035 3603 oeternum
1050 3540 1100 3604 od
1103 3536 1139 3628 s
1133 3560 1291 3603 nmmum

189 3638 346 3704 omnium
371 3663 488 3707 rerum
510 3652 687 3708 auctorem
711 3654 816 3734 atque
839 3642 1091 3707 moderatorem
1106 3637 1292 3735 sanctrffi-

189 3766 287 3807 mum
304 3743 430 3807 intimo
448 3766 527 3809 cum
535 3741 649 3835 sensu
666 3746 867 3833 antplexue,
893 3744 1141 3833 cogitationen,
1166 3744 1292 3808 volun·

188 3854 278 3909 tates
296 3856 329 3910 et
346 3846 499 3912 actiones
507 3846 600 3937 sitm
616 3848 665 3913 ad
679 3872 758 3913 eum
777 3844 908 3933 referre
918 3846 1039 3939 studet
1054 3840 1098 3932 ¹³).
1150 3838 1230 3913 Hac
1251 3840 1292 3910 in

187 3943 299 4013 animi
316 3941 521 4037 affectione,
548 3961 724 4018 annuente
741 3944 958 4045 scripturas.
978 3944 1028 4014 lo.
1048 3953 1082 4033 4,
1102 3949 1160 4018 24.
1186 3942 1289 4013 Rom,

191 4058 391 4133 12‚1-3.
433 4045 693 4137 Maturata.
736 4048 981 4137 Hebraeo.
1029 4046 1289 4135 tl'eu.1,15.

185 4143 279 4216 Phil.
303 4160 336 4238 3,
357 4164 438 4241 20,
471 4164 566 4223 recte
582 4164 784 4249 ponuntur,
810 4174 903 4249 quae
921 4148 1106 4249 religionis
1118 4148 1295 4241 subiecti-

190 4272 256 4313 one
276 4246 391 4321 ideam
408 4252 644 4342 constituunt,
668 4268 849 4326 momenta
863 4252 1016 4354 potiora.
