2792 4759
166 390 199 459 ‘x
335 406 339 413 ’
372 449 374 455 .
615 385 820 480 Praefatio·

165 572 438 663 praeceptorum
461 559 538 635 vim
562 558 778 660 infringant,
812 554 1059 663 populumque
1081 563 1126 635 in·
1148 564 1273 663 perni-

166 678 303 753 ciosum
334 678 433 753 huno
466 702 621 752 errorem
655 678 850 771 inducant,
889 694 932 753 nt
962 664 1176 753 sanctissima
1208 678 1271 754 illa

166 799 284 873 omnis
302 822 408 871 verae
429 793 662 870 humanitatis
684 795 916 871 fundamenta
936 797 995 871 uel
1017 813 1190 898 tanquam
1208 797 1270 870 sue

163 916 243 991 tilia
267 930 303 989 et
325 938 397 988 une
419 939 501 989 otim
525 912 690 988 obsoletis
714 912 942 1013 dogmatibus
969 916 1153 1016 antiquata
1180 938 1270 989 con·—

164 1046 345 1126 temnant,
376 1032 453 1125 vel,
482 1045 621 1104 mutato
642 1032 681 1105 in
703 1029 898 1105 meliusne
917 1030 1136 1132 quibusdam
1153 1033 1269 1107 eccle-

162 1150 317 1228 bellicae
332 1148 515 1224 doctrinae
525 1147 703 1251 'partibus
721 1147 878 1240 iudicio,
903 1149 980 1249 ipsa
997 1174 1142 1251 quoque
1158 1150 1267 1223 altro-

163 1268 283 1404 gunda
300 1281 362 1339 eut
378 1264 588 1365 corrigenda
604 1260 670 1337 elle
687 1263 888 1363 opinentur.
939 1265 1066 1365 Itaque
1078 1279 1117 1337 et
1134 1262 1205 1340 hac
1220 1266 1265 1339 dt

161 1413 201 1462 re
218 1388 258 1461 in
272 1383 580 1459 institutionibus
572 1383 661 1457 meis
677 1395 869 1485 praecepta
881 1380 1013 1457 addere
1027 1379 1127 1457 haud
1140 1380 1266 1483 lupen

160 1504 356 1577 meanenm
372 1500 476 1573 duxi.

245 1618 419 1696 Omnino
436 1614 575 1691 nostrae
589 1615 724 1689 naath
730 1614 886 1689 eutimius
895 1629 937 1690 et
948 1612 1133 1691 universae
1145 1614 1191 1691 de
1204 1640 1264 1691 aa·

158 1872 238 1950 tur,
269 1871 311 1929 ut
331 1849 716 1950 lbidiofi'theelegiae,
748 1850 869 1950 quise
888 1850 936 1926 ad
956 1850 1157 1927 dommum
1174 1852 1261 1927 ieli-

157 1974 277 2075 gionis
294 1968 518 2047 Christianae
539 1968 672 2071 populo
691 1968 906 2045 tradendam
929 1987 1077 2072 param,
1110 1994 1183 2045 non
1203 1971 1260 2075 soff

155 2092 233 2168 lum
254 2088 570 2191 dogmatum'olim
594 2088 742 2192 publice
760 2106 989 2191 receptorum
1010 2108 1260 2191 argumentum

155 2232 351 2308 eorumque
372 2207 629 2283 vicissitudines
655 2206 770 2308 probe
791 2208 1010 2307 intelligent,
1049 2208 1110 2283 sed
1132 2210 1259 2285 sanum

152 2331 264 2404 etiem
283 2330 329 2403 iis
349 2328 525 2403 indicium
539 2324 719 2401 adhibere
734 2324 775 2425 (t
792 2324 966 2421 Thea-a,
984 2326 1084 2430 ιι),
1115 2330 1259 2431 etquid

153 2448 194 2522 in
207 2448 452 2548 antiquiorum
463 2444 711 2545 theologorum
722 2445 874 2519 deemtis
887 2444 1084 2549 scripturae
1092 2447 1118 2523 s.
1134 2465 1258 2524 aneto*

151 2566 257 2642 ritate
280 2565 415 2639 rationi
436 2563 526 2637 bene
549 2563 715 2641 excultae
739 2560 892 2667 probata
918 2590 993 2639 non
1014 2564 1183 2641 tastonam
1202 2570 1257 2663 lit,

151 2688 344 2787 exquirere
363 2682 599 2759 consuescant.

164 2842 168 2849 ·
253 2802 349 2880 Nam
365 2802 456 2875 illud
471 2800 618 2901 quidem
633 2798 743 2875 bodie
759 2826 863 2877 nemo
877 2799 1008 2875 herum
1024 2828 1145 2877 rerum
1165 2830 1255 2908 pru-

151 2924 241 3001 dens
264 2922 488 3000 existimator
503 2920 753 3022 exspectabit,
792 2922 873 2995 fieri
892 2920 986 3023 polle
1007 2936 1071 2997 aut
1091 2922 1254 3000 sutunnn

151 3042 239 3135 elle,
270 3054 312 3114 ut
335 3052 429 3113 t'otus
452 3036 519 3110 ille
535 3036 746 3137 doguiamm
766 3038 995 3138 complexas,
1028 3038 1174 3140 qualem
1197 3042 1253 3115 sua

149 3182 295 3234 erorum
315 3155 557 3230 emendatores
578 3166 709 3256 eosque
729 3154 842 3229 seems
861 3154 1020 3255 theologi
1039 3160 1149 3234 sectili
1163 3161 1253 3236 XVI

148 3292 185 3353 et
207 3274 312 3351 xvll
338 3272 384 3349 ad
407 3272 463 3347 sui
484 3274 657 3375 temporis
680 3274 838 3348 rationes
861 3277 1128 3353 aecomniotlate
1153 3306 1252 3355 com·

148 3394 341 3501 posuerunt
348 3450 359 3487 ,
385 3390 666 3492 intelligentibus
680 3394 876 3465 etiamnum
890 3393 1066 3494 probetur
1073 3425 1088 3489 ,·
1108 3414 1144 3471 et
1158 3426 1250 3500 quae

145 3514 231 3593 inde
248 3540 269 3588 a
285 3512 464 3615 proximis
479 3506 553 3585 fere
573 3508 765 3583 duodecim
784 3508 903 3585 lusl'rie
923 3513 1158 3613 philologiae,
1189 3514 1250 3591 tu·-

145 3632 275 3710 lloriee
297 3646 332 3705 et
355 3624 605 3731 philosophiae
630 3628 711 3702 lnce
736 3628 881 3703 tandem
904 3631 1099 3731 aliquando
1120 3634 1250 3711 melius

147 3774 190 3827 ae
205 3751 325 3825 vetius
341 3748 499 3847 expolita
514 3745 615 3839 sunt,
649 3770 670 3818 a
692 3746 914 3821 doctioribus
934 3748 1158 3844 deserantur,
1190 3755 1249 3827 vel

144 3870 255 3943 etiem
277 3869 318 3947 iu
339 3866 453 3967 ipsam
476 3863 686 3965 popularem
708 3864 892 3965 religionis
910 3865 1169 3943 institutionem
1189 3900 1248 3945 re-

144 3984 269 4061 vocari
291 3982 431 4086 possint.
484 3982 649 4081 Namque
667 3982 816 4055 rationis
833 3982 950 4074 ideas,
975 4008 1069 4081 quae
1087 3991 1247 4064 veritatis

143 4104 247 4202 siguo·
256 4100 543 4192 commendatae,
569 4100 696 4173 uostris
711 4098 859 4198 quidem
874 4102 1115 4201 temporibus,
1140 4106 1264 4181 semel·

144 4219 191 4295 ad
214 4216 389 4319 plurimos
412 4217 540 4319 populi
556 4216 741 4291 cuiusdam
757 4216 856 4291 cives
871 4236 1084 4321 pervagatae
1099 4222 1246 4319 ιιιθιιιιι,
