2792 4759
142 386 215 435 xrv
591 360 795 455 Praefatio.

142 560 228 611 vero
256 534 454 610 liberaliori
481 533 666 610 doctrinae
695 533 854 613 officient
880 536 967 611 rani
997 538 1251 614 nonnullorum

145 671 311 749 conatus,
334 654 497 733 ecclesias
513 655 736 755 evangelicas
748 654 795 729 ad
809 654 945 755 singulo
958 682 1124 757 quaeque
1136 656 1253 765 libro}
1371 663 1374 698 ¹

145 788 229 855 rum
244 772 535 867 symbolicarum
549 772 690 847 decreta
703 774 916 866 revocandi,
941 800 1097 874 quorum
1112 797 1253 849 memo·

145 895 201 969 ria
222 892 318 993 apud
341 892 515 993 pliuimoo
532 890 676 965 illorum
694 890 807 965 socios
820 890 960 966 dudum
973 891 1164 967 obliterata
1180 894 1253 987 ellg

147 1036 214 1089 nec
229 1006 486 1109 superstitiosae
503 1006 655 1082 oliorum
671 1007 855 1109 querelae,
887 1036 960 1083 non
977 1034 1083 1084 verae
1103 1009 1167 1085 sad
1190 1012 1255 1087 acl⁴

148 1128 335 1201 umbratae
366 1125 509 1227 piatatis
534 1124 649 1226 specie
674 1124 829 1199 credulis
853 1124 1082 1201 illudentium
1113 1144 1159 1203 et·
1182 1130 1257 1203 ini·

148 1245 275 1345 quiore
289 1244 445 1343 quodam
464 1242 541 1337 §stip
562 1242 596 1316 od
618 1244 695 1317 κατ’
713 1244 871 1332 &bocru
890 1259 986 1319 recta
1003 1260 1041 1319 et
1056 1243 1154 1319 iusta·
1166 1244 1257 1320 alio·

148 1392 232 1441 rum
244 1362 360 1439 studia
375 1363 415 1435 in
430 1361 605 1435 invidiam
619 1360 827 1434 vocantium
834 1416 846 1453 ,
872 1360 919 1435 ad
933 1378 1094 1437 veterum
1109 1365 1257 1465 opinio·

146 1508 236 1557 num
262 1492 478 1572 commenta,
518 1502 610 1579 quoe
637 1476 716 1551 dieo
741 1476 892 1575 delevit,
933 1480 1125 1581 repetenda
1148 1480 1257 1581 quic-

149 1620 261 1703 quam
274 1596 383 1673 hodie
399 1595 597 1699 proficient.

148 1730 154 1741 '
224 1794 227 1801 ,
252 1718 351 1811 Quae
373 1738 486 1815 quum
507 1712 558 1785 ita
579 1710 665 1803 siut,
698 1736 759 1785 eos
772 1710 1010 1813 potissumum,
1036 1708 1171 1814 quibus
1183 1708 1258 1787 boc

151 1834 202 1911 ott
218 1860 349 1911 munus
364 1854 385 1904 a
400 1830 543 1905 summo
553 1853 675 1903 rerum
693 1826 934 1906 humanorum
951 1833 1174 1907 moderatore
1191 1832 1258 1905 dae

151 1966 248 2043 tum,
266 1965 322 2023 *ut
337 1948 514 2021 veriorem
529 1944 713 2046 religionis
731 1946 933 2023 doctrinam
953 1950 1165 2049 aequalibus
1185 1951 1258 2023 im,

151 2071 309 2175 pertiant
331 2066 541 2165 intimosque
554 2062 726 2145 ,ecclesiae
748 2064 912 2139 doctores
936 2064 1143 2160 instituant,
1176 2091 1258 2139 ma·

151 2190 253 2265 xime
268 2186 390 2278 dccet,
424 2182 523 2257 omui
541 2180 658 2255 studio
681 2196 717 2255 et
737 2181 875 2281 ingenii
891 2183 1117 2255 contentione
1133 2182 1258 2255 elnon*
1304 2226 1308 2234 ·

150 2330 249 2397 rare,
268 2317 308 2376 ut
323 2303 364 2375 in
378 2299 602 2403 explicandis
615 2314 651 2373 et
666 2298 907 2374 diiudicandis
919 2300 1151 2402 pristinorum
1163 2307 1261 2375 tem&

152 2448 284 2527 porum
297 2418 527 2525 opinionibus
542 2434 603 2493 aut
616 2418 767 2493 decretio
775 2418 880 2493 sonae
887 2422 1043 2495 rationis
1055 2420 1159 2495 usum
1168 2446 1258 2496 cum

152 2538 424 2641 disciplinarum
446 2550 500 2610 tot
521 2534 721 2611 seculorum
741 2534 868 2611 studiis
889 2536 1115 2613 excultorem
1135 2537 1259 2619 fructu

152 2659 384 2757 coniungant.
402 2641 405 2647 ¹
436 2654 497 2727 Sic
512 2652 656 2727 demum
672 2654 779 2753 ipsius
791 2652 868 2727 lesu
878 2651 1010 2727 Christi
1023 2669 1058 2727 et
1068 2652 1258 2753 Apostolo-

156 2802 239 2855 rum
252 2786 440 2875 praacepta
453 2770 653 2870 sequentur,
674 2792 747 2841 nou
758 2770 890 2843 anilem
900 2769 1081 2869 quondam
1088 2768 1259 2871 superstiv

155 2894 307 2983 tionem,
331 2904 392 2963 aut
405 2886 586 2987 stuporem
600 2886 796 2960 fanaticum
809 2885 1036 2983 hominibus,
1061 2886 1122 2963 sed
1135 2883 1259 2981 mat·

153 3011 298 3108 turpato
318 3006 593 3107 imperantium
629 3005 676 3080 fic
698 3003 856 3105 vestigiis
878 3032 1089 3108 magnorum
1110 3008 1258 3083 illorum

156 3124 556 3219 virorumLutheri‚
578 3122 984 3221 Melanchth‘onis,
1009 3126 1257 3228 Zwinglii,

155 3252 348 3332 Caluini
378 3248 600 3347 aliorumque
629 3244 808 3339 insistent,⁸
849 3246 915 3345 qui
947 3270 1060 3345 quum
1088 3245 1257 3345 generoso

156 3368 441 3477 quodamanimi
456 3379 491 3449 et
506 3362 644 3463 ingenii
665 3363 803 3465 impetu
825 3372 879 3435 tot
899 3386 1035 3437 errores
1051 3362 1174 3461 generi
1186 3360 1259 3470 hug

156 3512 265 3573 mano
297 3484 388 3559 male
417 3480 613 3556 inculcatas
641 3479 885 3581 impugnarint
912 3492 947 3551 et
976 3478 1257 3580 pmfligarerinq

158 3626 344 3708 nunquam
358 3596 523 3675 tamense
537 3624 628 3671 unos
647 3598 766 3671 onnoia
782 3594 961 3697 perfecisse
976 3597 1138 3699 gloriati3
1156 3626 1258 3673 uum

158 3750 288 3828 qpnm,
313 3742 404 3821 quae
419 3714 551 3817 posteri
566 3714 604 3789 in
621 3713 804 3811 religionis
817 3713 978 3787 doctrino
994 3713 1051 3786 rel
1065 3713 1258 3793 dilucidius

158 3846 362 3947 explicare,
389 3836 446 3911 vel
460 3834 588 3909 melius
603 3832 780 3905 intellecta
796 3830 979 3905 edisserere
992 3828 1146 3931 possent,
1170 3862 1259 3938 pro-

157 3962 303 4053 hibere,
337 3968 398 4033 aut
421 3952 519 4056 quast
541 3950 731 4025 interdicto
752 3949 908 4049 quodum
932 3958 1093 4025 coercere
1113 3952 1148 4028 se
1168 3954 1259 4031 vello

158 4077 301 4189 proselli
324 4074 415 4147 sunt.
464 4070 521 4147 Ac
544 4066 703 4169 profecto
719 4066 746 4138 li
763 4065 845 4165 quis
861 4066 953 4140 alius
973 4067 1156 4167 persuasus
1175 4071 1257 4162 suit,

158 4194 302 4283 veritati
319 4190 498 4273 neminem
519 4182 758 4291 praescissem
769 4178 894 4284 posse,
925 4208 998 4263 non
1013 4185 1258 4289 longinquitav
