2792 4759
339 361 396 429 Do
413 361 514 452 statu
538 361 720 429 bominum
746 360 948 453 depravato.
1122 374 1193 439 ssa
1269 390 1284 425 ο

94 534 167 607 bns
182 530 354 625 discedit,
380 532 449 604 five
464 533 695 633 cogitatione,
722 514 914 627 liresacto,
947 535 1017 628 ita,
1044 548 1102 627 at,
1133 538 1198 635 qui

92 660 207 735 prave
221 634 346 707 secerit
360 648 422 705 aut
436 636 501 733 qui
515 650 610 709 recte
624 635 740 709 facere
760 636 975 736 neglexerit,
1003 635 1069 709 ubi
1084 636 1199 711 fa‘cul-

94 754 151 810 tas
162 751 272 835 atque
283 736 529 836 opportunitas
537 738 578 809 ei
591 736 808 831 datasuerit,
825 739 864 811 in
876 737 981 839 culpa
993 738 1033 813 [it
1047 736 1195 835 (utatur.

96 848 159 930 25,
179 846 356 912 41-46.
390 838 460 910 Iac.
478 848 515 931 4,
534 836 633 936 17.);
658 852 694 911 et
710 844 801 932 leger
815 838 957 912 divinae
975 841 1198 941 appellantur

92 939 233 1039 singula
248 938 391 1011 divinae
405 936 597 1013 voluntatis
640 956 802 1041 raecopta
817 940 861 1013 de
872 942 938 1035 iis,
964 967 1055 1055 qnae
1069 942 1125 1014 vel
1138 942 1198 1015 su-

93 1068 181 1143 gere
203 1038 262 1112 vel
279 1039 380 1139 sequi
398 1035 562 1113 homines
577 966 718 1113 debent.
747 1038 868 1139 (Rom.
886 1059 920 1136 2,
939 1052 982 1118 14
999 1040 1058 1141 ss.)
1110 1044 1197 1116 Pro-

94 1142 269 1217 clivitatis
289 1142 387 1216 illius
408 1142 647 1242 principium,
680 1138 780 1217 haud
806 1145 1087 1244 repugnantibus
1107 1144 1196 1241 locis

94 1242 280 1319 nonnullis
299 1243 446 1317 biblicis
468 1239 577 1340 (Gen.
596 1258 630 1336 6,
646 1258 681 1320 8.
718 1246 768 1319 10.
789 1260 824 1337 8,
844 1262 876 1322 6.
917 1248 1020 1321 Rom.
1041 1260 1074 1338 7,
1095 1260 1139 1325 18
1158 1242 1195 1319 ss.

92 1362 135 1440 a,
157 1361 174 1421 1
193 1344 230 1419 u.
265 1344 344 1419 Gal.
362 1355 396 1436 5,
418 1358 475 1418 17.
509 1345 579 1418 lac.
600 1354 708 1438 1,14.
731 1344 819 1445 at),
854 1348 893 1421 in
913 1372 955 1419 eo
969 1362 1069 1420 'recte
1091 1349 1197 1445 poni-

94 1464 177 1539 tur,
203 1443 302 1546 quod
314 1443 424 1519 homo
436 1444 482 1518 ad
495 1442 753 1519 humanitatem
767 1450 805 1519 in
818 1446 926 1521 semet
942 1447 1016 1549 ipso
1030 1447 1198 1520 excolen-

96 1550 182 1623 dam
202 1574 385 1649 emergens
402 1548 504 1647 prius
523 1544 685 1621 sensuum
704 1548 881 1623 illecebris
900 1548 1061 1642 ducitur,
1089 1553 1198 1649 (piram

97 1651 249 1725 rationis
274 1649 368 1723 lente
394 1648 664 1751 progredientis.
678 1650 831 1751 imperio
861 1650 1007 1725 obedire
1036 1650 1196 1751 rectique

98 1778 263 1827 normam
285 1750 425 1825 strenue
445 1750 630 1825 observare
652 1752 865 1845 atllitescat,
884 1778 949 1827 nec
971 1752 1037 1827 nist
1056 1754 1197 1833 sortiter

98 1854 292 1955 pugnando
312 1867 436 1932 contra
458 1852 671 1953 cupiditates
689 1853 815 1925 virutti
836 1852 1074 1949 adversantes,
1101 1854 1196 1937 unde

98 1956 210 2057 ipsius
230 1955 373 2027 virtutis
395 1947 523 2049 (αἱρετῆς
543 1950 636 2027 Phil.
654 1962 688 2046 4,
708 1969 740 2031 8.
777 1956 904 2029 2Petr.
924 1970 956 2049 1,
974 1955 1030 2054 5.)
1054 1978 1195 2049 nomen,

97 2058 147 2133 ad
160 2055 414 2159 perfectionem
428 2053 618 2147 moralem,
643 2056 719 2128 Deo
737 2055 945 2151 adiuvante,
972 2060 1059 2131 eniti
1081 2060 1194 2159 possit.

8 2155 9 2194 ³
97 2156 250 2236 Accedit
263 2156 310 2229 ad
323 2154 584 2257 proclivitatem
597 2154 700 2229 istam
714 2155 982 2259 explicandam,
1006 2160 1101 2258 quod
1117 2152 1196 2263 'plc-

96 2263 203 2360 riquc
217 2259 265 2331 ad
276 2258 460 2332 meborem
472 2255 612 2355 frugem
623 2257 842 2333 institutione
856 2275 962 2357 atque
976 2260 1195 2357 educatione,

97 2362 172 2435 line
187 2385 260 2458 qua
278 2386 383 2432 nemo
403 2358 478 2432 fere
496 2359 673 2458 perfectus
688 2358 797 2432 homo
813 2360 961 2433 evadere
979 2358 1074 2459 posse
1093 2362 1195 2433 vide-

97 2478 182 2553 tur,
215 2460 317 2561 plane
334 2474 473 2550 carent,
498 2472 533 2531 et
548 2460 645 2558 quod
661 2462 816 2560 optimae
833 2462 941 2533 etiam
963 2460 1195 2533 institutionis

96 2560 264 2637 efficacia
279 2586 343 2662 per
355 2560 529 2633 malorum
543 2559 789 2661 exemplorum
805 2586 846 2634 ac
863 2586 994 2661 pravae
1010 2563 1196 2635 conl'netu-

98 2666 199 2739 dinis
214 2663 306 2755 rim,
330 2664 490 2761 itemque¹
501 2688 566 2761 per
579 2688 702 2738 rerum
716 2662 942 2763 publicarum
956 2654 1114 2735 instituta
1130 2686 1197 2761 pa-

99 2792 184 2843 tum
197 2761 379 2862 idoneas),
395 2762 494 2835 haud
504 2786 588 2836 raro
600 2766 843 2863 corrumpitur
854 2779 960 2863 atque
975 2762 1194 2863 infringitur.

99 2869 172 2943 Etsi
196 2867 309 2967 igitur
328 2864 445 2938 omnis
464 2861 591 2957 homo,
630 2866 803 2965 quamdiu
824 2865 863 2937 in
885 2863 954 2939 hac
976 2879 1069 2938 terra
1091 2867 1194 2959 vivit,

98 2968 273 3073 peccandi
284 2966 442 3067 periculo
454 2981 573 3038 manet
583 2966 781 3059 obnoxius,
799 2966 948 3039 minime
961 2980 1077 3039 tamen
1086 3022 1096 3059 ,
1113 2992 1196 3042 eum

96 3085 321 3172 peccatorem
334 3082 370 3140 et
384 3066 519 3139 malum
533 3066 629 3141 nasci
644 3083 679 3140 et
695 3068 912 3169 ipsa'natura
929 3066 990 3140 sua
1005 3066 1195 3143 necessario

96 3172 147 3247 ad
159 3166 381 3273 peccandum
393 3168 496 3259 duci,
513 3166 598 3241 inde
612 3168 855 3269 consequitur3
882 3196 996 3270 neque
1011 3171 1196 3271 propensio

96 3274 165 3347 ista
179 3271 226 3345 ad
238 3268 458 3371 peccandum
471 3267 612 3342 homini
625 3272 714 3343 'vitio
728 3272 819 3345 verti
835 3272 966 3371 potest,
992 3272 1057 3345 nisi
1072 3268 1195 3374 suapte

97 3375 203 3477 culpa
217 3372 315 3445 illius
327 3369 506 3445 illecebris
522 3369 758 3446 succubuerit.
1120 3426 1124 3438 .

135 3540 165 3608 a)
183 3538 297 3591 clem.
311 3536 362 3590 Al.
378 3538 486 3591 strom.
505 3539 555 3592 VI.
578 3554 607 3607 p.
620 3537 681 3592 662.
708 3538 752 3593 ed.
768 3540 833 3593 Col.
860 3536 973 3595 Φύσει
996 3542 1051 3613 μὲν
1073 3536 1196 3611 ἐπιτή-

168 3621 258 3675 δειοι
274 3614 433 3693 γεγόναμεν
448 3618 518 3695 πρὸς
534 3618 645 3694 ἀρετήν·
665 3620 699 3676 οὐ
716 3622 774 3694 μὴν
792 3621 861 3679 ὥστε
879 3627 953 3696 ἔχειν
967 3626 1052 3695 αὐτὴν
1069 3630 1099 3682 ἐκ
1117 3614 1196 3699 pert-

45 3755 51 3761 ,
167 3706 231 3772 τῆς,
243 3704 311 3758 ἀλλὰ
327 3704 398 3778 πρὸς
413 3705 453 3762 τό’
462 3703 617 3777 κτήσασθαι
632 3703 790 3777 ἐπιτήδειοι.
807 3738 843 3753 -
866 3706 938 3784 ἡμᾶς
954 3715 985 3769 δὲ
1003 3716 1033 3777 ἐξ
1048 3711 1129 3784 ἡμῶν
1143 3714 1196 3773 σῦ-

168 3790 226 3843 1ῶν
239 3785 365 3857 βούλεται
383 3787 416 3860 (ὃ
433 3790 515 3861 θεὸς)
533 3788 678 3866 σώζεσθαι.
703 3790 772 3863 αὕτη
790 3787 843 3850 οὖν
859 3794 942 3867 φύσις
958 3801 1064 3869 ψυχῆς,
1084 3803 1112 3861 ἐξ
1126 3803 1195 3855 ἑαυ-

164 3875 212 3941 τῆς
220 3870 327 3947 ὁρμᾶν·
345 3872 405 3929 εἶτα
415 3879 523 3947 λογικοὶ
537 3874 626 3947 ὄντες,
643 3880 754 3948 λογικῆς
767 3876 848 3949 οὔσης
862 3886 908 3951 τῆς
926 3888 1107 3955 φιλοσοφίας,
1125 3902 1195 3958 συγ-

162 3962 240 4030 γενές
259 3979 287 4013 τι
310 3960 412 4033 ἔχομεν
431 3960 501 4035 πρὸς
524 3958 624 4031 αὐτήν·
654 3960 720 4032 ἡδὲ
739 3962 941 4035 ἐπιτηδειότης,
967 3966 1041 4041 (popel
1062 3972 1117 4041 plu
1137 3975 1194 4030 tou

161 4042 233 4116 πρὸς
249 4042 365 4117 ἀρετὴν,
386 4044 468 4119 ἀρετὴ
486 4045 515 4100 d'
534 4044 576 4101 ot.
595 4077 630 4091 -
662 4048 760 4103 Kant
777 4048 881 4119 Vorles.
897 4055 942 4106 ab.
957 4054 984 4107 d.
997 4054 1101 4123 philos.
1113 4056 1193 4112 neu-

162 4130 362 4196 lr‘gr'onslehre.
387 4132 420 4183 L.
439 4138 512 4200 ²8¹7·
540 4135 627 4201 1391.
669 4134 760 4187 Plane
780 4134 842 4188 elis
861 4136 908 4189 vie
927 4136 1070 4207 ingressus
1090 4154 1195 4197 auctor

159 4215 266 4283 postet
274 4212 332 4269 huc
341 4213 382 4268 ao
390 4224 651 4273 reuomentem
663 4218 707 4285 eo,
715 4216 748 4273 in
759 4218 796 4273 l.·:
817 4216 884 4277 Rosa
898 4220 1009 4279 innect-
1023 4226 1054 4280 ἅ.
1065 4224 1193 4285 Grtnrm
