2792 4759
415 342 473 411 Do
501 342 679 411 llinitate
704 345 742 411 in
766 344 855 413 Deo.
1116 348 1191 419 260

81 506 188 592 tibus
202 537 313 616 quam
324 510 625 589 vehementiffime
639 510 872 591 abhorrentes
886 516 943 590 rel
956 516 1021 617 ipsi
1028 516 1191 615 Evange-

80 622 169 712 lici,
197 617 327 691 l'ummi
341 617 524 715 religionis
538 616 620 690 suae
639 620 821 719 praecepti
839 619 1082 710 immemores,
1109 642 1192 719 gra-

80 723 226 794 vissime
246 745 380 793 vexare
395 720 679 791 Antitriuitarios
700 718 797 793 haud
819 720 1091 814 dubitaverunt,
1125 718 1191 819 qui

80 822 258 925 quidem,
298 821 382 894 licet
404 822 469 921 ips
496 822 590 893 inter
615 821 650 893 se
674 818 910 915 dissentirent,
952 838 1058 923 atque
1078 822 1191 895 mtrlta

80 928 199 999 etiam
217 922 367 997 obscure
383 938 418 995 et
435 922 602 1022 ambigue
619 924 859 1023 disputarent,
886 926 925 997 in
941 922 1192 999 ecetefiat'tioae

79 1047 208 1102 tamen
237 1025 281 1098 de
308 1023 378 1096 boc
409 1023 574 1124 dogmate
601 1025 783 1099 doctrinae
810 1027 925 1099 forma
953 1024 1193 1129 improbanda

80 1156 212 1203 omnes
227 1125 495 1200 conveniebant.
536 1126 642 1199 Tales
657 1126 802 1199 suerunt
815 1128 880 1201 Lu
889 1128 912 1203 d
922 1155 942 1199 ο
951 1156 985 1202 v.
1002 1128 1065 1203 Hc
1074 1142 1191 1221 tzer,

83 1235 368 1329 Canrpanus,
396 1226 686 1325 Servetusl),
721 1230 882 1303 medicus
898 1230 1100 1331 Hispanus,
1126 1229 1192 1331 qui

83 1361 121 1409 a.
142 1342 238 1408 1553
250 1390 261 1423 ,
286 1332 362 1431 ipso
381 1328 576 1404 Calvino
597 1330 808 1424 adiuvante,
834 1358 949 1433 neque
965 1331 1192 1433 improbante

86 1428 1193 1529 Melanchthonet),mtte1·rimecoml›uttusett,‘Ochi-

84 1539 166 1628 ni,
207 1534 444 1626 Gentilis,
485 1532 729 1626 aribaldi,
769 1534 1028 1608 Blaudrata
1055 1550 1091 1609 et
1116 1534 1191 1609 alii.

85 1638 225 1714 Maiori
241 1662 324 1711 cum
338 1632 494 1709 successu·
506 1636 689 1736 opiniones
704 1638 783 1710 luas
803 1637 1062 1739 proposuerunt
1075 1638 1193 1709 Lae-

86 1742 186 1816 lius
211 1754 247 1812 et
268 1738 463 1810 Faustus
484 1738 667 1831 Sociui,
707 1739 926 1813 familiarum
946 1740 1192 1815 Uniteriarum

62 1881 66 1887 ⁸
87 1846 130 1919 in
142 1840 292 1915 Polouia
309 1839 459 1939 aliisque
479 1840 583 1913 terris
598 1856 775 1934 auctores,
802 1840 868 1942 qui
882 1840 997 1917 lesum
1012 1838 1193 1917 Christum

88 1943 159 2021 elle
177 1940 379 2034 homiuem,
413 1941 660 2041 perspiritum
675 1942 701 2013 s.
720 1957 861 2035 natum,
887 1942 1034 2021 dotibus
1046 1944 1193 2019 eximiis

88 2064 124 2121 et
139 2045 315 2145 dignitate
330 2044 571 2143 potestateque
583 2043 706 2116 (lirina
722 2046 832 2119 allec
847 2061 1028 2139 ornatum,
1054 2046 1194 2147 filiique

89 2150 163 2223 Dei
175 2164 210 2221 et
222 2144 329 2249 ipsius
339 2146 409 2217 Dei
419 2147 564 2218 nomine
573 2145 833 2245 dignissimum,
851 2146 1017 2251 spiritum
1030 2147 1056 2222 s.
1072 2164 1192 2222 autem
1250 2154 1254 2172 '

88 2271 230 2327 meram
245 2247 403 2321 numinis
416 2246 532 2319 divini
547 2248 623 2319 vim
635 2244 719 2341 elle,
744 2247 943 2325 stamebant
957 2248 1005 2349 s).
1059 2248 1195 2343 Quem-
1325 2303 1327 2318 .

90 2355 173 2444 ris,
198 2351 263 2449 qui
274 2376 339 2450 per
353 2348 463 2423 seculi
477 2348 609 2425 decimi
622 2349 716 2425 sexti
730 2364 765 2423 et
780 2350 921 2451 septimi
936 2349 1126 2451 decursum
1140 2368 1196 2425 at-

94 2480 171 2553 que
182 2453 369 2551 [reperieris
383 2452 492 2523 etiam
504 2466 642 2551 partem
655 2452 863 2545 dimidiam,
886 2452 1086 2525 doctrinam
1097 2451 1195 2547 sym-

93 2555 256 2630 bolicam
275 2553 482 2644 tuebuntur,
516 2552 684 2626 omnibus
697 2554 745 2625 ad
759 2580 838 2625 eam
853 2554 971 2627 denuo
983 2553 1196 2630 fimiandom

91 2655 237 2731 viribus
251 2656 483 2747 eniterentur,
500 2655 718 2755 argumentis
730 2655 781 2727 ull
796 2670 874 2728 tum
888 2656 1099 2755 exegeticis,
1115 2668 1196 2732 tum

92 2755 373 2865 philosophicis,
392 2772 471 2829 tum
483 2780 532 2829 ex
546 2758 698 2830 aliarum
712 2782 834 2831 rerum
844 2750 1074 2833 similitudine
1087 2770 1197 2859 atque

92 2860 258 2963 analogia
275 2858 411 2951 ductis,
435 2856 630 2960 prohibere
651 2874 771 2933 tamen
792 2886 864 2937 non
884 2873 1095 2961 potuerunt,
1121 2886 1199 2962 quo

93 2966 220 3041 minus,
238 2988 304 3063 per
324 2961 422 3038 idem
442 2961 612 3062 temporis·
633 2960 861 3041 intervallum
881 2961 1013 3063 placita
1031 2960 1197 3047 olimre-

93 3066 243 3168 pudiata
257 3063 408 3140 subinde
422 3062 542 3137 rursus
555 3063 816 3163 proferrentur,
842 3066 899 3139 vel
913 3090 1005 3146 nova
1020 3064 1198 3165 quaedam

94 3196 169 3244 non
185 3165 305 3242 minus
319 3164 518 3249 damnande
533 3162 607 3237 visa
623 3165 848 3252 adderentur.
899 3166 1113 3242 Prodierunt
1127 3168 1199 3269 igi

95 3286 157 3344 tur
167 3272 428 3351 Neo-Ariani,
445 3282 481 3339 et
491 3265 702 3360 severiores,
722 3284 912 3368 praeeunte
928 3268 1048 3345 Guil.
1061 3266 1198 3345 Whi-

96 3372 190 3446 lton
211 3369 264 3467 t),
297 3384 332 3442 et
355 3370 533 3460 mitiores,
565 3384 607 3441 ut
628 3371 741 3443 Sam.
760 3367 927 3443 clerte
944 3369 1006 3469 s),
1040 3368 1086 3443 ad
1107 3398 1199 3472 quos

97 3477 301 3548 reseruntur
310 3472 419 3544 etiam
432 3471 595 3571 plerique
603 3471 809 3547 Arminiani
820 3471 875 3571 t),
892 3475 1199 3547 Neo-Sabelliani

98 3575 124 3647 s.
139 3578 368 3669 Modelistae,
393 3573 526 3673 quibus
539 3588 679 3673 praeter
693 3574 780 3647 ulios
796 3575 1049 3651 adnumeratur
1063 3578 1108 3651 Io
1119 3600 1199 3651 au-

102 3703 180 3749 nes
197 3676 426 3767 Clericus,
460 3676 817 3770 Neo-Samosoteni,
842 3676 889 3755 ad
909 3703 999 3781 quos
1019 3678 1198 3779 pertinere

102 3778 266 3851 videntur
283 3794 319 3851 et
337 3778 385 3869 ii,
422 3778 488 3878 qui
511 3779 771 3852 emanationem
793 3778 947 3853 duarum
968 3780 1199 3879 personarum

101 3879 567 3983 exprimalibifinxerunt,
586 3878 876 3981 Val.Waigel
893 3894 928 3955 et
943 3882 1028 3953 Iac.
1045 3880 1199 3955 Boch-

101 4009 166 4055 me
179 3983 232 4081 ¹¹),
252 3986 440 4056 iruoNeo-
452 3986 661 4068 Tritlzeitae,
678 3981 766 4056 licut
779 3980 898 4062 Guil.
912 3978 1196 4082 Sherlockt).

100 4085 157 4157 Ex
180 4110 252 4186 qua
275 4098 555 4159 commentorum
576 4087 746 4159 varietate
774 4084 872 4159 nullu
893 4098 1013 4161 tamen
1034 4084 1198 4161 ecelesiae

99 4185 247 4285 discidia
263 4199 390 4289 crarta
406 4184 497 4260 tunt.
