2792 4759
157 376 230 439 m
602 354 807 451 Praefatio.

157 536 247 613 lum.
299 536 394 611 Nem
407 536 433 609 li
447 529 508 607 hio
523 530 665 607 libellus
678 530 793 605 doctis
805 529 978 634 iustisque
990 529 1123 609 harum
1135 560 1258 609 rerum

157 652 462 731 existimatoribus
485 650 624 753 placere
649 665 757 749 atque
780 651 932 725 confiliis
952 650 1059 753 lupra
1081 654 1257 753 fignifica-

157 777 205 851 tis
223 774 422 849 satisfacere
441 771 660 873 perrexerit,
692 794 826 870 magna
840 770 917 843 eius
930 768 1046 845 laudis
1066 796 1149 873 pers
1166 772 1257 845 viris

157 892 230 967 illis
247 888 402 965 'debetur
425 888 470 963 de
492 885 657 963 universa
677 912 719 961 re
739 885 918 980 literaria,
957 888 1125 989 inprimis
1145 887 1256 983 saera,
1356 978 1360 987 Ι

156 1012 289 1113 optime
305 1006 455 1081 meritis.

153 1154 157 1161 ·
256 1126 494 1216 Faxittllaue,
519 1138 560 1197 ut
574 1120 645 1197 hoc
661 1148 752 1223 opus
767 1148 838 1195 non
853 1118 968 1195 lolum
981 1120 1139 1197 studium
1153 1119 1256 1197 theo-

154 1248 269 1347 logiae
281 1261 363 1337 ,tum
376 1238 803 1341 historico-dogmaticae
818 1254 896 1315 tum
909 1243 1095 1317 rationalis
1111 1242 1256 1319 adiuvet

155 1382 262 1467 atque
282 1376 511 1465 promoveat,
549 1357 611 1433 led
633 1360 742 1431 etiam
762 1381 885 1459 veram
904 1358 1115 1459 religionem
1139 1362 1256 1461 pieta-

154 1500 298 1586 temque
313 1507 397 1557 cum
410 1481 541 1552 virtute
555 1473 742 1551 erctillime
755 1475 983 1549 coniunctam
999 1491 1035 1550 et
1049 1503 1133 1551 cum
1147 1478 1255 1551 nobi-

44 1698 48 1705 ·
154 1602 283 1679 liffima
305 1626 346 1675 ea
369 1598 482 1672 animi
500 1592 730 1686 fortitudine,
761 1616 873 1693 quae,
906 1590 1085 1667 summum
1104 1596 1254 1671 credens

142 1722 286 1820 „nefas
300 1720 457 1793 animam
471 1712 649 1816 praeferre
664 1709 797 1811 pudori
805 1716 842 1803 ’',
872 1736 939 1784 neo
952 1709 1117 1786 sensuum
1131 1712 1253 1787 illece-

152 1846 249 1936 bris,
275 1864 340 1914 neo
356 1859 480 1935 aegrae
496 1830 626 1905 mentis
640 1827 828 1921 ludibriis,
851 1842 986 1923 erecto
1001 1826 1193 1905 honestatis
1207 1855 1252 1907 ao

151 1959 290 2035 decoris
306 1954 447 2027 transite
464 1948 586 2049 abripi
601 1946 636 2019 le
653 1947 807 2047 patitur,
839 1945 880 2019 in
894 1946 1024 2021 aninsis
1038 1948 1251 2028 eruditionis

151 2074 374 2175 theologicae
388 2066 622 2145 studiosorum
638 2066 710 2142 alat
726 2080 834 2165 atque
850 2065 1046 2141 confirmet.

170 2184 175 2195 ⁵
200 2180 294 2285 Dedi
309 2204 421 2283 Halae
438 2202 473 2278 tl.
488 2200 578 2279 XVI
592 2199 731 2303 Aprilis
754 2224 786 2274 a.
804 2198 1088 2281 cloloccoxxrr.
