2792 4759
422 349 479 418 De
507 347 686 416 Trinitate
710 348 747 417 in
772 346 861 415 Deo.
932 389 935 400 λ
1120 354 1190 421 271

159 522 243 577 tiore
254 526 353 573 aetate
366 516 402 571 ed
416 516 504 571 illum
516 518 698 572 recesserunt
716 517 788 571 Ino.
802 518 897 569 Vera
906 522 941 567 et
957 512 994 567 de
1006 512 1113 569 meiat
1131 512 1194 569 dei·

153 617 237 662 ·tete.
262 606 375 657 Gener.
399 618 472 672 ¹777·
515 604 607 657 Dan.
629 603 736 655 Henr.
761 599 921 689 Purgqold
939 598 1069 665 desultor
1088 600 1195 652 meiner

158 692 240 743 mehr
256 691 302 741 als
316 686 488 757 5ojiihrigen
504 686 712 739 Nachdenlraenr
727 686 772 739 rt.
788 686 815 737 d.
825 684 961 751 Religion
975 680 1049 749 desa.
1069 682 1103 737 L.
1118 689 1195 755 1188.

156 780 187 845 3.
203 774 236 827 A.
257 788 332 841 ¹79²·

120 900 157 964 g)
178 890 404 963 Episcopiur
421 890 548 945 Inhitnt.
563 890 619 944 rel.
631 888 738 944 Christ.
759 887 780 942 l.
795 889 832 943 11.
849 872 921 947 leet.
936 902 962 941 e.
981 902 1008 941 e.
1022 902 1067 957 57.
1102 886 1197 941 Cur·

160 977 338 1032 cellaeue
357 974 452 1028 tunic.
474 976 514 1027 IL
541 992 635 1045 rm.
675 970 885 1027 Limhoreh
903 970 1009 1027 Theol.
1022 970 1136 1033 Christe·
1153 972 1195 1027 11.

162 1080 208 1132 η.
228 1072 262 1127 25
276 1061 307 1113 sl·

122 1186 158 1253 a)
179 1178 340 1235 corr-oei
354 1177 432 1233 rut.
444 1176 613 1246 eaesoeeau
626 1178 676 1231 aa
688 1178 874 1233 certium.
892 1176 928 1231 r.
941 1176 996 1231 111.
1013 1176 1046 1231 e·
1058 1178 1084 1233 1.
1099 1192 1151 1247 512
1163 1144 1198 1237 rt.

163 1268 278 1339 erem.

130 1390 157 1455 i)
181 1384 277 1439 will.
298 1382 478 1438 Sherleck
502 1383 722 1436 deiudication
742 1380 781 1450 os
796 1381 843 1437 tlte
861 1381 993 1436 doctrine
1011 1378 1050 1449 os
1063 1346 1111 1436 tlte
1128 1380 1198 1452 hely

173 1470 299 1541 Dinity.
318 1470 394 1539 1690.
413 1484 440 1538 4.
507 1477 509 1480 '

586 1636 708 1739 §.en

404 1779 892 1849 continuatio.

200 1948 282 2043 Quo
299 1945 520 2048 prosperiore
535 1944 688 2022 successu
706 1962 800 2023 aetas
821 1950 997 2026 recentior
1017 1944 1199 2043 historiae,

120 2050 347 2151 hilol'ophiae
360 2064 395 2122 et
409 2048 626 2151 philologiae
648 2049 774 2122 l'tudiir
797 2050 832 2125 se
854 2051 972 2144 dedit,
1006 2076 1048 2124 eo
1066 2046 1199 2125 diffici-

94 2082 169 2229 lius
186 2153 254 2225 sthi
269 2150 478 2253 persuadere
491 2152 611 2253 potuit
626 2150 671 2223 de
684 2152 833 2232 ,veritate
847 2154 1022 2255 dogmatis
1037 2152 1200 2227 ecclesia-

94 2257 201 2347 stici,
226 2253 321 2326 uude
336 2252 551 2346 factumest,
577 2266 618 2325 ut
632 2268 667 2325 et
679 2250 838 2357 theologi
852 2272 886 2329 et
900 2250 1107 2356 philosophi
1119 2252 1200 2329 sen-

97 2362 168 2432 lim
188 2357 269 2457 plus
289 2356 452 2427 minusve
473 2354 520 2425 eb
537 2378 579 2427 eo
599 2353 823 2430 deflexerint.
873 2360 920 2430 Et
939 2354 994 2428 illi
1016 2354 1101 2456 ipfi,
1134 2357 1200 2455 qui

98 2458 294 2533 formulam
312 2456 495 2557 publicam
515 2458 609 2529 tueri
627 2456 814 2551 volebant,
846 2459 979 2559 purtim
995 2456 1105 2529 variis
1120 2482 1201 2529 mo*-

100 2562 164 2634 dis
180 2585 257 2632 cam
271 2558 316 2631 lic
331 2560 513 2659 explicare
529 2554 737 2652 studebant,
763 2574 804 2632 ut
818 2576 945 2631 natum
962 2573 997 2631 et
1011 2558 1093 2631 usus
1111 2556 1201 2656 dog-

100 2664 211 2737 matis
225 2659 363 2733 facilius
378 2660 659 2759 intelligerentur
672 2654 725 2759 ⁶),
752 2687 824 2762 quo
837 2658 953 2733 studio
966 2657 1012 2731 ed
1026 2654 1201 2731 Sabellie

99 2791 169 2840 nas
182 2762 376 2863 saepissime
392 2762 577 2863 opiniones
593 2760 739 2837 deducti
755 2763 819 2836 alii
833 2778 905 2837 tres
926 2765 1018 2834 eirea
1038 2759 1066 2835 s.
1083 2764 1201 2833 virtu·
1273 2784 1277 2795 ·

100 2886 152 2941 tec
170 2864 224 2964 ⁵),
252 2864 315 2935 alii
330 2879 401 2936 tres
416 2870 632 2958 operationes
652 2864 692 2936 in
713 2866 872 2939 numinis
895 2878 1022 2937 natttm
1041 2858 1202 2957 essentia-

99 2972 151 3045 les
170 2968 223 3067 ι),
263 2967 329 3039 alii
348 2981 420 3039 tres
445 2964 680 3063 relationes&
703 2967 771 3041 libi
793 2964 1029 3059 effinxerunt3
1067 2964 1204 3068 partim

100 3068 204 3144 milla
226 3067 464 3141 subtilitatum
486 3067 769 3167 dognraticarum
788 3068 1074 3168 investigatione,
1100 3070 1140 3141 in
1154 3069 1202 3142 iis

101 3172 323 3275 potissimum
334 3168 628 3269 acquiescendum
642 3167 708 3243 elle
721 3166 953 3271 putaverunt,
972 3194 1063 3271 quae
1078 3168 1202 3244 debe

102 3275 243 3348 n'eficiis
262 3271 396 3344 divinis
417 3269 505 3345 huic
527 3270 710 3347 doctrinae
732 3271 883 3347 adnexis
904 3272 1078 3375 scriptura
1098 3272 1126 3347 l.
1144 3272 1203 3347 di-

102 3376 194 3451 serte
207 3374 347 3447 tradere
362 3388 398 3447 et
412 3399 504 3473 quae
520 3375 665 3446 omnino
679 3373 890 3475 popularem
904 3375 1082 3475 quendem
1098 3372 1203 3451 usum

103 3477 238 3551 habere
259 3472 353 3577 polle
373 3476 581 3548 riderentur
597 3474 641 3574 ³).
692 3476 860 3549 Attamen
881 3474 980 3549 haud
1000 3476 1203 3569 defuerunt,

105 3581 172 3677 qui
185 3602 251 3679 pro
263 3576 416 3650 obsoleta
428 3576 603 3676 dogmatis
615 3580 747 3671 l'orma,
770 3601 884 3678 qaum
896 3578 959 3653 alii
966 3636 976 3672 ‚
1001 3578 1202 3655 doctrinam

107 3682 210 3751 istam
231 3706 295 3753 nec
319 3706 401 3761 cnm
416 3678 520 3751 libris
536 3676 595 3771 ll,
629 3706 694 3754 nec
716 3705 799 3753 cum
821 3680 903 3753 lana
925 3683 1063 3757 ratione
1080 3680 1202 3757 conci-

107 3778 190 3853 liari
205 3779 313 3880 polle,
331 3781 444 3853 libere
459 3780 602 3881 professi
612 3776 718 3855 ellent
736 3780 796 3879 f),
823 3784 1041 3883 argumentis
1054 3782 1202 3882 quidem

106 3882 269 3957 futilibus
291 3882 511 3956 decertarent
527 3880 583 3980 t),
623 3882 680 3956 vel
704 3882 879 3957 summum
902 3884 1077 3985 dogmatis
1098 3885 1202 3957 novit

106 3984 321 4085 quibusdam
337 3982 704 4085 philosophematibus
725 3985 841 4085 iisque
862 3984 1129 4065 obscurioribus
1144 3987 1203 4059 in·-
1256 4064 1259 4071 ,

106 4087 263 4161 volutam
275 4086 391 4162 denuo
403 4086 649 4159 commendare
662 4102 875 4163 conarentur
888 4084 936 4184 ¹¹).
972 4083 1129 4161 Omnino
1142 4085 1202 4162 hi-

105 4189 209 4261 l'toria
232 4187 409 4287 dognratis
430 4188 475 4261 de
498 4190 654 4265 trinitate
676 4188 799 4284 docet,
841 4187 1047 4299 quicunque
1067 4188 1202 4269 fuerint
