<?xml version="1.0" encoding="UTF-8"?>
<!DOCTYPE html PUBLIC "-//W3C//DTD XHTML 1.0 Transitional//EN"
    "http://www.w3.org/TR/xhtml1/DTD/xhtml1-transitional.dtd">
<html xmlns="http://www.w3.org/1999/xhtml" xml:lang="en" lang="en">
 <head>
  <title>
</title>
<meta http-equiv="Content-Type" content="text/html;charset=utf-8" />
  <meta name='ocr-system' content='tesseract 3.04.00' />
  <meta name='ocr-capabilities' content='ocr_page ocr_carea ocr_par ocr_line ocrx_word'/>
</head>
<body>
  <div class='ocr_page' id='page_1' title='image "./institutionesth02wegsgoog/institutionesth02wegsgoog_0231.png"; bbox 0 0 2792 4759; ppageno 0'>
   <div class='ocr_carea' id='block_1_1' title="bbox 463 366 1199 446">
    <p class='ocr_par' dir='ltr' id='par_1_1' title="bbox 463 366 1199 446">
     <span class='ocr_line' id='line_1_1' title="bbox 463 366 1199 446; baseline 0.008 -9"><span class='ocrx_word' id='word_1_1' title='bbox 463 366 521 437; x_wconf 78' lang='lat' dir='ltr'>lte</span> <span class='ocrx_word' id='word_1_2' title='bbox 543 366 726 437; x_wconf 69' lang='lat' dir='ltr'>attributis</span> <span class='ocrx_word' id='word_1_3' title='bbox 750 368 834 437; x_wconf 71' lang='lat' dir='ltr'>Det.</span> <span class='ocrx_word' id='word_1_4' title='bbox 1123 382 1199 446; x_wconf 74' lang='lat' dir='ltr'>tta</span> 
     </span>
    </p>
   </div>
   <div class='ocr_carea' id='block_1_2' title="bbox 86 535 1198 3790">
    <p class='ocr_par' dir='ltr' id='par_1_2' title="bbox 86 535 1198 3790">
     <span class='ocr_line' id='line_1_2' title="bbox 99 535 1194 643; baseline 0.006 -34"><span class='ocrx_word' id='word_1_5' title='bbox 99 536 254 611; x_wconf 83' lang='lat' dir='ltr'>infinitas</span> <span class='ocrx_word' id='word_1_6' title='bbox 275 553 423 613; x_wconf 85' lang='lat' dir='ltr'>exterae</span> <span class='ocrx_word' id='word_1_7' title='bbox 449 535 608 641; x_wconf 87' lang='lat' dir='ltr'>respectu</span> <span class='ocrx_word' id='word_1_8' title='bbox 630 541 821 641; x_wconf 80' lang='lat' dir='ltr'>temperis,</span> <span class='ocrx_word' id='word_1_9' title='bbox 854 562 947 643; x_wconf 84' lang='lat' dir='ltr'>quae</span> <span class='ocrx_word' id='word_1_10' title='bbox 965 568 986 615; x_wconf 84' lang='lat' dir='ltr'>e</span> <span class='ocrx_word' id='word_1_11' title='bbox 1006 544 1093 616; x_wconf 81' lang='lat' dir='ltr'>locis</span> <span class='ocrx_word' id='word_1_12' title='bbox 1110 544 1194 643; x_wconf 81' lang='lat' dir='ltr'>qui-</span> 
     </span>
     <span class='ocr_line' id='line_1_3' title="bbox 97 638 1192 739; baseline 0.005 -27"><span class='ocrx_word' id='word_1_13' title='bbox 97 639 288 715; x_wconf 74' lang='lat' dir='ltr'>eustamt.</span> <span class='ocrx_word' id='word_1_14' title='bbox 306 641 328 714; x_wconf 87' lang='lat' dir='ltr'>t.</span> <span class='ocrx_word' id='word_1_15' title='bbox 345 638 420 737; x_wconf 80' lang='lat' dir='ltr'>(rt.</span> <span class='ocrx_word' id='word_1_16' title='bbox 439 656 498 733; x_wconf 87' lang='grc' dir='ltr'>οο,</span> <span class='ocrx_word' id='word_1_17' title='bbox 518 656 550 717; x_wconf 79' lang='lat' dir='ltr'>a.</span> <span class='ocrx_word' id='word_1_18' title='bbox 584 657 666 735; x_wconf 84' lang='lat'><strong>102,</strong></span> <span class='ocrx_word' id='word_1_19' title='bbox 685 650 731 719; x_wconf 82' lang='lat' dir='ltr'>rt</span> <span class='ocrx_word' id='word_1_20' title='bbox 747 642 784 716; x_wconf 88' lang='lat' dir='ltr'>tt.</span> <span class='ocrx_word' id='word_1_21' title='bbox 815 645 1058 737; x_wconf 81' lang='lat' dir='ltr'>1Tim.1,17.</span> <span class='ocrx_word' id='word_1_22' title='bbox 1087 658 1192 739; x_wconf 61' lang='lat'><strong>6516.</strong></span> 
     </span>
     <span class='ocr_line' id='line_1_4' title="bbox 98 742 1192 839; baseline 0.003 -26"><span class='ocrx_word' id='word_1_23' title='bbox 98 742 197 813; x_wconf 79' lang='lat' dir='ltr'>nom.</span> <span class='ocrx_word' id='word_1_24' title='bbox 216 756 248 835; x_wconf 90' lang='lat'>1,</span> <span class='ocrx_word' id='word_1_25' title='bbox 268 759 327 820; x_wconf 79' lang='lat' dir='ltr'>eo.</span> <span class='ocrx_word' id='word_1_26' title='bbox 352 758 412 817; x_wconf 82' lang='lat' dir='ltr'>ee.</span> <span class='ocrx_word' id='word_1_27' title='bbox 428 784 480 797; x_wconf 90' lang='lat'>--</span> <span class='ocrx_word' id='word_1_28' title='bbox 505 744 594 817; x_wconf 86' lang='lat' dir='ltr'><strong>Gen.</strong></span> <span class='ocrx_word' id='word_1_29' title='bbox 612 760 671 837; x_wconf 78' lang='grc' dir='ltr'>οι,</span> <span class='ocrx_word' id='word_1_30' title='bbox 688 761 748 821; x_wconf 82' lang='lat' dir='ltr'>se.</span> <span class='ocrx_word' id='word_1_31' title='bbox 781 744 857 820; x_wconf 79' lang='lat' dir='ltr'>lob.</span> <span class='ocrx_word' id='word_1_32' title='bbox 876 761 935 839; x_wconf 82' lang='lat' dir='ltr'>ee,</span> <span class='ocrx_word' id='word_1_33' title='bbox 951 760 1010 823; x_wconf 82' lang='lat' dir='ltr'>ee.</span> <span class='ocrx_word' id='word_1_34' title='bbox 1035 759 1094 823; x_wconf 79' lang='lat'>27.</span> <span class='ocrx_word' id='word_1_35' title='bbox 1129 744 1192 819; x_wconf 82' lang='lat' dir='ltr'>let.</span> 
     </span>
     <span class='ocr_line' id='line_1_5' title="bbox 99 844 1193 944; baseline 0.003 -28"><span class='ocrx_word' id='word_1_36' title='bbox 99 850 157 937; x_wconf 83' lang='lat' dir='ltr'>to,</span> <span class='ocrx_word' id='word_1_37' title='bbox 174 858 233 919; x_wconf 80' lang='lat'>28.</span> <span class='ocrx_word' id='word_1_38' title='bbox 271 853 332 937; x_wconf 81' lang='lat' dir='ltr'>tt,</span> <span class='ocrx_word' id='word_1_39' title='bbox 350 860 385 923; x_wconf 85' lang='lat'>6.</span> <span class='ocrx_word' id='word_1_40' title='bbox 422 846 552 925; x_wconf 77' lang='lat' dir='ltr'>2Petr.</span> <span class='ocrx_word' id='word_1_41' title='bbox 571 860 606 939; x_wconf 79' lang='lat'>5,</span> <span class='ocrx_word' id='word_1_42' title='bbox 623 844 741 944; x_wconf 75' lang='lat' dir='ltr'>8·);fi⁰</span> <span class='ocrx_word' id='word_1_43' title='bbox 754 846 1014 942; x_wconf 81' lang='lat' dir='ltr'>tlefinirilolet‚</span> <span class='ocrx_word' id='word_1_44' title='bbox 1040 862 1081 923; x_wconf 87' lang='lat' dir='ltr'>ut</span> <span class='ocrx_word' id='word_1_45' title='bbox 1096 849 1136 926; x_wconf 80' lang='lat' dir='ltr'>tit</span> <span class='ocrx_word' id='word_1_46' title='bbox 1150 871 1193 919; x_wconf 79' lang='lat' dir='ltr'>ea</span> 
     </span>
     <span class='ocr_line' id='line_1_6' title="bbox 97 942 1194 1051; baseline 0.004 -34"><span class='ocrx_word' id='word_1_47' title='bbox 97 944 161 1017; x_wconf 83' lang='lat' dir='ltr'>Dei</span> <span class='ocrx_word' id='word_1_48' title='bbox 177 948 396 1047; x_wconf 80' lang='lat' dir='ltr'>proprietas,</span> <span class='ocrx_word' id='word_1_49' title='bbox 421 973 492 1048; x_wconf 87' lang='lat' dir='ltr'>qna</span> <span class='ocrx_word' id='word_1_50' title='bbox 505 942 571 1021; x_wconf 84' lang='lat' dir='ltr'>ell&#39;e</span> <span class='ocrx_word' id='word_1_51' title='bbox 586 974 651 1021; x_wconf 91' lang='lat' dir='ltr'>nec</span> <span class='ocrx_word' id='word_1_52' title='bbox 665 949 783 1049; x_wconf 89' lang='lat' dir='ltr'>coepit</span> <span class='ocrx_word' id='word_1_53' title='bbox 791 1006 802 1041; x_wconf 90' lang='lat'>,</span> <span class='ocrx_word' id='word_1_54' title='bbox 828 976 943 1049; x_wconf 89' lang='lat' dir='ltr'>neque</span> <span class='ocrx_word' id='word_1_55' title='bbox 956 976 1115 1051; x_wconf 87' lang='lat' dir='ltr'>unquam</span> <span class='ocrx_word' id='word_1_56' title='bbox 1129 948 1194 1022; x_wconf 85' lang='lat' dir='ltr'>‹le-</span> 
     </span>
     <span class='ocr_line' id='line_1_7' title="bbox 96 1044 1191 1150; baseline 0.003 -31"><span class='ocrx_word' id='word_1_57' title='bbox 96 1047 182 1120; x_wconf 88' lang='lat' dir='ltr'>linet</span> <span class='ocrx_word' id='word_1_58' title='bbox 194 1044 254 1143; x_wconf 81' lang='grc'>’);</span> <span class='ocrx_word' id='word_1_59' title='bbox 287 1074 376 1147; x_wconf 87' lang='lat' dir='ltr'>quae</span> <span class='ocrx_word' id='word_1_60' title='bbox 396 1048 562 1148; x_wconf 84' lang='lat' dir='ltr'>quidem,</span> <span class='ocrx_word' id='word_1_61' title='bbox 594 1076 708 1150; x_wconf 88' lang='lat' dir='ltr'>qaum</span> <span class='ocrx_word' id='word_1_62' title='bbox 729 1051 827 1123; x_wconf 90' lang='lat' dir='ltr'>initii</span> <span class='ocrx_word' id='word_1_63' title='bbox 844 1066 879 1125; x_wconf 90' lang='lat' dir='ltr'>et</span> <span class='ocrx_word' id='word_1_64' title='bbox 896 1050 978 1124; x_wconf 87' lang='lat' dir='ltr'>finis</span> <span class='ocrx_word' id='word_1_65' title='bbox 994 1054 1191 1127; x_wconf 83' lang='lat' dir='ltr'>notionese</span> 
     </span>
     <span class='ocr_line' id='line_1_8' title="bbox 96 1150 1192 1253; baseline 0.002 -30"><span class='ocrx_word' id='word_1_66' title='bbox 96 1150 271 1249; x_wconf 82' lang='lat' dir='ltr'>temporis</span> <span class='ocrx_word' id='word_1_67' title='bbox 299 1150 497 1223; x_wconf 82' lang='lat' dir='ltr'>rationibus</span> <span class='ocrx_word' id='word_1_68' title='bbox 522 1154 690 1253; x_wconf 78' lang='lat' dir='ltr'>repetitae</span> <span class='ocrx_word' id='word_1_69' title='bbox 715 1154 802 1243; x_wconf 76' lang='lat' dir='ltr'>linit,</span> <span class='ocrx_word' id='word_1_70' title='bbox 837 1153 970 1226; x_wconf 89' lang='lat' dir='ltr'>rectius</span> <span class='ocrx_word' id='word_1_71' title='bbox 994 1153 1033 1224; x_wconf 92' lang='lat' dir='ltr'>in</span> <span class='ocrx_word' id='word_1_72' title='bbox 1057 1178 1099 1225; x_wconf 92' lang='lat' dir='ltr'>eo</span> <span class='ocrx_word' id='word_1_73' title='bbox 1124 1179 1192 1252; x_wconf 88' lang='lat' dir='ltr'>po-</span> 
     </span>
     <span class='ocr_line' id='line_1_9' title="bbox 95 1250 1189 1355; baseline 0.002 -32"><span class='ocrx_word' id='word_1_74' title='bbox 95 1251 219 1342; x_wconf 86' lang='lat' dir='ltr'>nitur,</span> <span class='ocrx_word' id='word_1_75' title='bbox 253 1251 347 1350; x_wconf 88' lang='lat' dir='ltr'>quod</span> <span class='ocrx_word' id='word_1_76' title='bbox 370 1252 480 1355; x_wconf 88' lang='lat' dir='ltr'>polita</span> <span class='ocrx_word' id='word_1_77' title='bbox 505 1252 704 1325; x_wconf 81' lang='lat' dir='ltr'>exsilientia</span> <span class='ocrx_word' id='word_1_78' title='bbox 723 1254 791 1325; x_wconf 90' lang='lat' dir='ltr'>Dei</span> <span class='ocrx_word' id='word_1_79' title='bbox 813 1252 970 1326; x_wconf 83' lang='lat' dir='ltr'>absolute</span> <span class='ocrx_word' id='word_1_80' title='bbox 992 1250 1189 1344; x_wconf 83' lang='lat' dir='ltr'>necessaria,</span> 
     </span>
     <span class='ocr_line' id='line_1_10' title="bbox 96 1352 1190 1455; baseline 0.001 -31"><span class='ocrx_word' id='word_1_81' title='bbox 96 1352 216 1425; x_wconf 83' lang='lat' dir='ltr'>omnis</span> <span class='ocrx_word' id='word_1_82' title='bbox 231 1354 373 1426; x_wconf 89' lang='lat' dir='ltr'>omnino</span> <span class='ocrx_word' id='word_1_83' title='bbox 389 1367 590 1455; x_wconf 86' lang='lat' dir='ltr'>temporum</span> <span class='ocrx_word' id='word_1_84' title='bbox 605 1354 771 1429; x_wconf 76' lang='lat' dir='ltr'>limitatio</span> <span class='ocrx_word' id='word_1_85' title='bbox 789 1357 828 1429; x_wconf 94' lang='lat' dir='ltr'>in</span> <span class='ocrx_word' id='word_1_86' title='bbox 844 1356 960 1429; x_wconf 89' lang='lat' dir='ltr'>Deum</span> <span class='ocrx_word' id='word_1_87' title='bbox 981 1354 1105 1429; x_wconf 85' lang='lat' dir='ltr'>cadere</span> <span class='ocrx_word' id='word_1_88' title='bbox 1128 1380 1190 1426; x_wconf 91' lang='lat' dir='ltr'>ne-</span> 
     </span>
     <span class='ocr_line' id='line_1_11' title="bbox 96 1452 1190 1557; baseline 0.005 -34"><span class='ocrx_word' id='word_1_89' title='bbox 96 1466 202 1557; x_wconf 84' lang='lat' dir='ltr'>gatur</span> <span class='ocrx_word' id='word_1_90' title='bbox 217 1452 271 1553; x_wconf 68' lang='lat'>⁵);</span> <span class='ocrx_word' id='word_1_91' title='bbox 308 1468 341 1531; x_wconf 80' lang='lat'>2.</span> <span class='ocrx_word' id='word_1_92' title='bbox 361 1460 633 1529; x_wconf 69' lang='lat' dir='ltr'>immutabilitas</span> <span class='ocrx_word' id='word_1_93' title='bbox 654 1456 715 1529; x_wconf 90' lang='lat' dir='ltr'>seu</span> <span class='ocrx_word' id='word_1_94' title='bbox 734 1456 825 1530; x_wconf 89' lang='lat' dir='ltr'>illud</span> <span class='ocrx_word' id='word_1_95' title='bbox 846 1456 1079 1549; x_wconf 82' lang='lat' dir='ltr'>attributum,</span> <span class='ocrx_word' id='word_1_96' title='bbox 1117 1482 1190 1557; x_wconf 84' lang='lat' dir='ltr'>quo</span> 
     </span>
     <span class='ocr_line' id='line_1_12' title="bbox 95 1555 1190 1658; baseline 0.002 -32"><span class='ocrx_word' id='word_1_97' title='bbox 95 1555 210 1628; x_wconf 83' lang='lat' dir='ltr'>omnis</span> <span class='ocrx_word' id='word_1_98' title='bbox 230 1557 445 1657; x_wconf 78' lang='lat' dir='ltr'>qualitatum</span> <span class='ocrx_word' id='word_1_99' title='bbox 466 1560 504 1632; x_wconf 90' lang='lat' dir='ltr'>in</span> <span class='ocrx_word' id='word_1_100' title='bbox 525 1562 602 1633; x_wconf 93' lang='lat' dir='ltr'>Deo</span> <span class='ocrx_word' id='word_1_101' title='bbox 622 1558 816 1635; x_wconf 76' lang='lat' dir='ltr'>secluditur</span> <span class='ocrx_word' id='word_1_102' title='bbox 834 1558 999 1633; x_wconf 84' lang='lat' dir='ltr'>successio</span> <span class='ocrx_word' id='word_1_103' title='bbox 1022 1558 1190 1658; x_wconf 81' lang='lat' dir='ltr'>qtrodtpre</span> 
     </span>
     <span class='ocr_line' id='line_1_13' title="bbox 93 1656 1190 1761; baseline 0.005 -35"><span class='ocrx_word' id='word_1_104' title='bbox 93 1656 139 1729; x_wconf 90' lang='lat' dir='ltr'>ad</span> <span class='ocrx_word' id='word_1_105' title='bbox 152 1682 275 1731; x_wconf 86' lang='lat' dir='ltr'>omnes</span> <span class='ocrx_word' id='word_1_106' title='bbox 290 1684 520 1759; x_wconf 77' lang='lat' dir='ltr'>qrrerscunque</span> <span class='ocrx_word' id='word_1_107' title='bbox 535 1661 622 1733; x_wconf 85' lang='lat' dir='ltr'>alias</span> <span class='ocrx_word' id='word_1_108' title='bbox 637 1662 820 1733; x_wconf 76' lang='lat' dir='ltr'>trermserri</span> <span class='ocrx_word' id='word_1_109' title='bbox 842 1660 952 1761; x_wconf 89' lang='lat' dir='ltr'>potest</span> <span class='ocrx_word' id='word_1_110' title='bbox 971 1661 1119 1732; x_wconf 79' lang='lat' dir='ltr'>virtutes</span> <span class='ocrx_word' id='word_1_111' title='bbox 1133 1658 1190 1731; x_wconf 85' lang='lat' dir='ltr'>tli-</span> 
     </span>
     <span class='ocr_line' id='line_1_14' title="bbox 94 1756 1189 1858; baseline 0.003 -29"><span class='ocrx_word' id='word_1_112' title='bbox 94 1757 192 1830; x_wconf 68' lang='lat' dir='ltr'>sinas</span> <span class='ocrx_word' id='word_1_113' title='bbox 212 1756 289 1856; x_wconf 82' lang='lat' dir='ltr'>(et.</span> <span class='ocrx_word' id='word_1_114' title='bbox 311 1776 394 1854; x_wconf 82' lang='lat'><strong>102,</strong></span> <span class='ocrx_word' id='word_1_115' title='bbox 413 1776 589 1839; x_wconf 76' lang='lat' dir='ltr'>re-re,</span> <span class='ocrx_word' id='word_1_116' title='bbox 624 1762 694 1837; x_wconf 81' lang='lat' dir='ltr'>lac.</span> <span class='ocrx_word' id='word_1_117' title='bbox 715 1777 747 1853; x_wconf 92' lang='lat'>1,</span> <span class='ocrx_word' id='word_1_118' title='bbox 770 1761 869 1858; x_wconf 82' lang='lat'><strong>17.);</strong></span> <span class='ocrx_word' id='word_1_119' title='bbox 906 1772 940 1837; x_wconf 85' lang='lat' dir='ltr'>s.</span> <span class='ocrx_word' id='word_1_120' title='bbox 958 1768 1189 1855; x_wconf 66' lang='lat' dir='ltr'>independen-</span> 
     </span>
     <span class='ocr_line' id='line_1_15' title="bbox 97 1860 1189 1965; baseline 0.005 -36"><span class='ocrx_word' id='word_1_121' title='bbox 97 1864 149 1929; x_wconf 83' lang='lat' dir='ltr'>tia</span> <span class='ocrx_word' id='word_1_122' title='bbox 163 1862 326 1955; x_wconf 67' lang='lat' dir='ltr'>abstineto</span> <span class='ocrx_word' id='word_1_123' title='bbox 343 1860 508 1959; x_wconf 84' lang='lat' dir='ltr'>(libertas</span> <span class='ocrx_word' id='word_1_124' title='bbox 524 1862 802 1964; x_wconf 81' lang='lat' dir='ltr'>metaphysica),</span> <span class='ocrx_word' id='word_1_125' title='bbox 835 1890 904 1963; x_wconf 85' lang='lat' dir='ltr'>qna</span> <span class='ocrx_word' id='word_1_126' title='bbox 926 1866 1062 1936; x_wconf 89' lang='lat' dir='ltr'>nemini</span> <span class='ocrx_word' id='word_1_127' title='bbox 1082 1862 1189 1965; x_wconf 86' lang='lat' dir='ltr'>quid-</span> 
     </span>
     <span class='ocr_line' id='line_1_16' title="bbox 94 1962 1190 2065; baseline 0.002 -28"><span class='ocrx_word' id='word_1_128' title='bbox 94 1988 199 2061; x_wconf 79' lang='lat' dir='ltr'>quam</span> <span class='ocrx_word' id='word_1_129' title='bbox 221 1962 333 2037; x_wconf 88' lang='lat' dir='ltr'>debet</span> <span class='ocrx_word' id='word_1_130' title='bbox 353 1980 388 2037; x_wconf 86' lang='lat' dir='ltr'>et</span> <span class='ocrx_word' id='word_1_131' title='bbox 408 1964 482 2065; x_wconf 90' lang='lat' dir='ltr'>ipse</span> <span class='ocrx_word' id='word_1_132' title='bbox 504 1966 596 2039; x_wconf 87' lang='lat' dir='ltr'>selus</span> <span class='ocrx_word' id='word_1_133' title='bbox 619 1964 668 2038; x_wconf 80' lang='lat' dir='ltr'>ett</span> <span class='ocrx_word' id='word_1_134' title='bbox 689 1992 810 2038; x_wconf 87' lang='lat' dir='ltr'>rerum</span> <span class='ocrx_word' id='word_1_135' title='bbox 830 1966 989 2039; x_wconf 81' lang='lat' dir='ltr'>onmium</span> <span class='ocrx_word' id='word_1_136' title='bbox 1011 1966 1190 2039; x_wconf 74' lang='lat' dir='ltr'>ostiolum-</span> 
     </span>
     <span class='ocr_line' id='line_1_17' title="bbox 92 2065 1187 2165; baseline 0.004 -28"><span class='ocrx_word' id='word_1_137' title='bbox 92 2091 161 2163; x_wconf 87' lang='lat' dir='ltr'>que</span> <span class='ocrx_word' id='word_1_138' title='bbox 185 2066 360 2165; x_wconf 84' lang='lat' dir='ltr'>temporis</span> <span class='ocrx_word' id='word_1_139' title='bbox 383 2068 562 2140; x_wconf 71' lang='lat' dir='ltr'>nationum</span> <span class='ocrx_word' id='word_1_140' title='bbox 586 2082 711 2141; x_wconf 79' lang='lat' dir='ltr'>auctor</span> <span class='ocrx_word' id='word_1_141' title='bbox 735 2082 770 2140; x_wconf 93' lang='lat' dir='ltr'>et</span> <span class='ocrx_word' id='word_1_142' title='bbox 795 2068 970 2140; x_wconf 80' lang='lat' dir='ltr'>dontinus.</span> <span class='ocrx_word' id='word_1_143' title='bbox 1006 2065 1106 2164; x_wconf 79' lang='lat' dir='ltr'>(net.</span> <span class='ocrx_word' id='word_1_144' title='bbox 1130 2080 1187 2157; x_wconf 78' lang='lat'>17,</span> 
     </span>
     <span class='ocr_line' id='line_1_18' title="bbox 96 2166 1194 2270; baseline -0.002 -27"><span class='ocrx_word' id='word_1_145' title='bbox 96 2176 152 2243; x_wconf 81' lang='lat' dir='ltr'>at.</span> <span class='ocrx_word' id='word_1_146' title='bbox 176 2178 237 2243; x_wconf 81' lang='lat'>2⁵.</span> <span class='ocrx_word' id='word_1_147' title='bbox 274 2169 377 2240; x_wconf 86' lang='lat' dir='ltr'>llom.</span> <span class='ocrx_word' id='word_1_148' title='bbox 398 2184 455 2260; x_wconf 89' lang='lat'>11,</span> <span class='ocrx_word' id='word_1_149' title='bbox 476 2178 521 2243; x_wconf 79' lang='lat' dir='ltr'>st</span> <span class='ocrx_word' id='word_1_150' title='bbox 538 2166 598 2265; x_wconf 85' lang='lat' dir='ltr'>sl&#39;.)</span> <span class='ocrx_word' id='word_1_151' title='bbox 650 2171 754 2241; x_wconf 84' lang='lat' dir='ltr'>Haec</span> <span class='ocrx_word' id='word_1_152' title='bbox 786 2171 983 2270; x_wconf 79' lang='lat' dir='ltr'>proprietas</span> <span class='ocrx_word' id='word_1_153' title='bbox 1015 2167 1194 2243; x_wconf 73' lang='lat' dir='ltr'>vocalnrld</span> 
     </span>
     <span class='ocr_line' id='line_1_19' title="bbox 93 2266 1188 2370; baseline -0.001 -29"><span class='ocrx_word' id='word_1_154' title='bbox 93 2266 249 2342; x_wconf 79' lang='lat' dir='ltr'>barbaro</span> <span class='ocrx_word' id='word_1_155' title='bbox 275 2269 447 2370; x_wconf 85' lang='lat' dir='ltr'>appellata</span> <span class='ocrx_word' id='word_1_156' title='bbox 473 2271 522 2343; x_wconf 91' lang='lat' dir='ltr'>est</span> <span class='ocrx_word' id='word_1_157' title='bbox 544 2270 681 2365; x_wconf 69' lang='lat' dir='ltr'>&#39;astitere</span> <span class='ocrx_word' id='word_1_158' title='bbox 712 2273 738 2343; x_wconf 88' lang='lat' dir='ltr'>l&#39;.</span> <span class='ocrx_word' id='word_1_159' title='bbox 766 2272 963 2344; x_wconf 78' lang='lat' dir='ltr'>exsistentia</span> <span class='ocrx_word' id='word_1_160' title='bbox 989 2270 1188 2359; x_wconf 70' lang='lat' dir='ltr'>netellaria,</span> 
     </span>
     <span class='ocr_line' id='line_1_20' title="bbox 92 2370 1195 2469; baseline -0.004 -26"><span class='ocrx_word' id='word_1_161' title='bbox 92 2384 268 2469; x_wconf 82' lang='lat' dir='ltr'>quatenns</span> <span class='ocrx_word' id='word_1_162' title='bbox 281 2372 376 2445; x_wconf 89' lang='lat' dir='ltr'>Deus</span> <span class='ocrx_word' id='word_1_163' title='bbox 392 2371 584 2465; x_wconf 89' lang='lat' dir='ltr'>rationem,</span> <span class='ocrx_word' id='word_1_164' title='bbox 617 2400 682 2446; x_wconf 90' lang='lat' dir='ltr'>cur</span> <span class='ocrx_word' id='word_1_165' title='bbox 697 2373 738 2444; x_wconf 89' lang='lat' dir='ltr'>fit</span> <span class='ocrx_word' id='word_1_166' title='bbox 753 2389 788 2445; x_wconf 89' lang='lat' dir='ltr'>et</span> <span class='ocrx_word' id='word_1_167' title='bbox 803 2387 962 2462; x_wconf 86' lang='lat' dir='ltr'>maneat,</span> <span class='ocrx_word' id='word_1_168' title='bbox 995 2373 1033 2443; x_wconf 88' lang='lat' dir='ltr'>in</span> <span class='ocrx_word' id='word_1_169' title='bbox 1058 2374 1091 2442; x_wconf 86' lang='lat' dir='ltr'>se</span> <span class='ocrx_word' id='word_1_170' title='bbox 1112 2370 1195 2469; x_wconf 86' lang='lat' dir='ltr'>ipso</span> 
     </span>
     <span class='ocr_line' id='line_1_21' title="bbox 94 2468 1189 2574; baseline -0.003 -30"><span class='ocrx_word' id='word_1_171' title='bbox 94 2468 224 2564; x_wconf 84' lang='lat' dir='ltr'>habet,</span> <span class='ocrx_word' id='word_1_172' title='bbox 251 2471 475 2572; x_wconf 80' lang='lat' dir='ltr'>absoluteque</span> <span class='ocrx_word' id='word_1_173' title='bbox 490 2500 555 2574; x_wconf 89' lang='lat' dir='ltr'>per</span> <span class='ocrx_word' id='word_1_174' title='bbox 566 2472 602 2547; x_wconf 90' lang='lat' dir='ltr'>se</span> <span class='ocrx_word' id='word_1_175' title='bbox 619 2472 770 2545; x_wconf 80' lang='lat' dir='ltr'>subsistit</span> <span class='ocrx_word' id='word_1_176' title='bbox 784 2472 853 2569; x_wconf 84' lang='lat' dir='ltr'>(lo.</span> <span class='ocrx_word' id='word_1_177' title='bbox 870 2482 904 2562; x_wconf 85' lang='lat'>6,</span> <span class='ocrx_word' id='word_1_178' title='bbox 923 2470 1004 2568; x_wconf 77' lang='lat'>26.)</span> <span class='ocrx_word' id='word_1_179' title='bbox 1030 2470 1189 2566; x_wconf 66' lang='lat' dir='ltr'>(emas</span> 
     </span>
     <span class='ocr_line' id='line_1_22' title="bbox 92 2571 1191 2672; baseline -0.004 -25"><span class='ocrx_word' id='word_1_180' title='bbox 92 2571 246 2672; x_wconf 59' lang='grc' dir='ltr'>νάρκαι)</span> <span class='ocrx_word' id='word_1_181' title='bbox 266 2571 308 2671; x_wconf 80' lang='lat'>‘).</span> <span class='ocrx_word' id='word_1_182' title='bbox 366 2574 567 2648; x_wconf 79' lang='lat' dir='ltr'>l&#39;roltantur</span> <span class='ocrx_word' id='word_1_183' title='bbox 591 2588 711 2647; x_wconf 88' lang='lat' dir='ltr'>antem</span> <span class='ocrx_word' id='word_1_184' title='bbox 734 2573 905 2646; x_wconf 85' lang='lat' dir='ltr'>attributa</span> <span class='ocrx_word' id='word_1_185' title='bbox 928 2572 1012 2664; x_wconf 89' lang='lat' dir='ltr'>illa,</span> <span class='ocrx_word' id='word_1_186' title='bbox 1050 2574 1191 2671; x_wconf 76' lang='lat' dir='ltr'>praeter</span> 
     </span>
     <span class='ocr_line' id='line_1_23' title="bbox 91 2672 1193 2777; baseline -0.004 -30"><span class='ocrx_word' id='word_1_187' title='bbox 91 2676 291 2750; x_wconf 79' lang='lat' dir='ltr'>testimonia</span> <span class='ocrx_word' id='word_1_188' title='bbox 314 2674 443 2748; x_wconf 84' lang='lat' dir='ltr'>diserta</span> <span class='ocrx_word' id='word_1_189' title='bbox 465 2702 485 2748; x_wconf 93' lang='lat' dir='ltr'>e</span> <span class='ocrx_word' id='word_1_190' title='bbox 506 2676 610 2750; x_wconf 74' lang='lat' dir='ltr'>listris</span> <span class='ocrx_word' id='word_1_191' title='bbox 632 2674 669 2748; x_wconf 88' lang='lat' dir='ltr'>ls.</span> <span class='ocrx_word' id='word_1_192' title='bbox 694 2676 863 2777; x_wconf 86' lang='lat' dir='ltr'>repetita,</span> <span class='ocrx_word' id='word_1_193' title='bbox 905 2689 982 2745; x_wconf 83' lang='lat' dir='ltr'>tum</span> <span class='ocrx_word' id='word_1_194' title='bbox 1001 2700 1022 2746; x_wconf 92' lang='lat' dir='ltr'>e</span> <span class='ocrx_word' id='word_1_195' title='bbox 1045 2672 1193 2743; x_wconf 87' lang='lat' dir='ltr'>notione</span> 
     </span>
     <span class='ocr_line' id='line_1_24' title="bbox 89 2774 1192 2877; baseline -0.004 -28"><span class='ocrx_word' id='word_1_196' title='bbox 89 2790 239 2851; x_wconf 77' lang='lat' dir='ltr'>namrae</span> <span class='ocrx_word' id='word_1_197' title='bbox 260 2778 527 2877; x_wconf 84' lang='lat' dir='ltr'>perfectillimae</span> <span class='ocrx_word' id='word_1_198' title='bbox 551 2794 585 2851; x_wconf 89' lang='lat' dir='ltr'>et</span> <span class='ocrx_word' id='word_1_199' title='bbox 607 2776 805 2869; x_wconf 79' lang='lat' dir='ltr'>alrlblutae,</span> <span class='ocrx_word' id='word_1_200' title='bbox 838 2775 884 2848; x_wconf 76' lang='lat' dir='ltr'>ael</span> <span class='ocrx_word' id='word_1_201' title='bbox 898 2776 1001 2849; x_wconf 89' lang='lat' dir='ltr'>cuins</span> <span class='ocrx_word' id='word_1_202' title='bbox 1014 2774 1192 2846; x_wconf 85' lang='lat' dir='ltr'>summam.</span> 
     </span>
     <span class='ocr_line' id='line_1_25' title="bbox 89 2876 1196 2980; baseline -0.002 -29"><span class='ocrx_word' id='word_1_203' title='bbox 89 2876 306 2971; x_wconf 87' lang='lat' dir='ltr'>efficaciam,</span> <span class='ocrx_word' id='word_1_204' title='bbox 338 2904 403 2978; x_wconf 88' lang='lat' dir='ltr'>per</span> <span class='ocrx_word' id='word_1_205' title='bbox 422 2878 457 2951; x_wconf 89' lang='lat' dir='ltr'>ss</span> <span class='ocrx_word' id='word_1_206' title='bbox 479 2879 585 2953; x_wconf 86' lang='lat' dir='ltr'>nullis</span> <span class='ocrx_word' id='word_1_207' title='bbox 600 2880 770 2980; x_wconf 78' lang='lat' dir='ltr'>temporis</span> <span class='ocrx_word' id='word_1_208' title='bbox 787 2878 964 2951; x_wconf 85' lang='lat' dir='ltr'>limitibus</span> <span class='ocrx_word' id='word_1_209' title='bbox 978 2876 1196 2968; x_wconf 64' lang='lat' dir='ltr'>obnoxiam·</span> 
     </span>
     <span class='ocr_line' id='line_1_26' title="bbox 89 2979 1190 3079; baseline -0.005 -24"><span class='ocrx_word' id='word_1_210' title='bbox 89 2982 209 3055; x_wconf 88' lang='lat' dir='ltr'>omnia</span> <span class='ocrx_word' id='word_1_211' title='bbox 234 2982 361 3054; x_wconf 89' lang='lat' dir='ltr'>rel&#39;erri</span> <span class='ocrx_word' id='word_1_212' title='bbox 383 2980 533 3073; x_wconf 72' lang='lat' dir='ltr'>delient,</span> <span class='ocrx_word' id='word_1_213' title='bbox 567 2982 675 3074; x_wconf 87' lang='lat' dir='ltr'>adeo,</span> <span class='ocrx_word' id='word_1_214' title='bbox 710 2996 752 3052; x_wconf 91' lang='lat' dir='ltr'>ut</span> <span class='ocrx_word' id='word_1_215' title='bbox 775 2980 831 3052; x_wconf 85' lang='lat' dir='ltr'>rel</span> <span class='ocrx_word' id='word_1_216' title='bbox 853 2979 971 3079; x_wconf 86' lang='lat' dir='ltr'>ipsum</span> <span class='ocrx_word' id='word_1_217' title='bbox 990 2994 1063 3051; x_wconf 87' lang='lat' dir='ltr'>tem</span> <span class='ocrx_word' id='word_1_218' title='bbox 1076 3004 1131 3052; x_wconf 85' lang='lat' dir='ltr'>ms</span> <span class='ocrx_word' id='word_1_219' title='bbox 1152 2994 1190 3050; x_wconf 88' lang='lat' dir='ltr'>et</span> 
     </span>
     <span class='ocr_line' id='line_1_27' title="bbox 88 3006 1198 3183; baseline -0.005 -28"><span class='ocrx_word' id='word_1_220' title='bbox 88 3108 178 3183; x_wconf 87' lang='lat' dir='ltr'>quae</span> <span class='ocrx_word' id='word_1_221' title='bbox 195 3086 238 3156; x_wconf 90' lang='lat' dir='ltr'>in</span> <span class='ocrx_word' id='word_1_222' title='bbox 254 3097 325 3155; x_wconf 89' lang='lat' dir='ltr'>tem</span> <span class='ocrx_word' id='word_1_223' title='bbox 375 3108 413 3153; x_wconf 90' lang='lat' dir='ltr'>re</span> <span class='ocrx_word' id='word_1_224' title='bbox 430 3084 537 3174; x_wconf 88' lang='lat' dir='ltr'>liunt,</span> <span class='ocrx_word' id='word_1_225' title='bbox 564 3082 611 3154; x_wconf 86' lang='lat' dir='ltr'>ab</span> <span class='ocrx_word' id='word_1_226' title='bbox 626 3108 665 3155; x_wconf 90' lang='lat' dir='ltr'>ea</span> <span class='ocrx_word' id='word_1_227' title='bbox 681 3080 856 3182; x_wconf 84' lang='lat' dir='ltr'>pendeant</span> <span class='ocrx_word' id='word_1_228' title='bbox 872 3079 929 3179; x_wconf 57' lang='grc' dir='ltr'>ὅ),</span> <span class='ocrx_word' id='word_1_229' title='bbox 956 3106 1022 3153; x_wconf 88' lang='lat' dir='ltr'>nee</span> <span class='ocrx_word' id='word_1_230' title='bbox 1035 3006 1098 3153; x_wconf 90' lang='lat' dir='ltr'>illa</span> <span class='ocrx_word' id='word_1_231' title='bbox 1110 3080 1198 3179; x_wconf 77' lang='lat' dir='ltr'>ipsiu</span> 
     </span>
     <span class='ocr_line' id='line_1_28' title="bbox 87 3107 1193 3284; baseline -0.001 -29"><span class='ocrx_word' id='word_1_232' title='bbox 87 3184 135 3257; x_wconf 83' lang='lat' dir='ltr'>alt</span> <span class='ocrx_word' id='word_1_233' title='bbox 148 3184 223 3259; x_wconf 86' lang='lat' dir='ltr'>aliu</span> <span class='ocrx_word' id='word_1_234' title='bbox 238 3107 394 3283; x_wconf 68' lang='lat' dir='ltr'>qnatldom</span> <span class='ocrx_word' id='word_1_235' title='bbox 407 3182 510 3257; x_wconf 86' lang='lat' dir='ltr'>causa</span> <span class='ocrx_word' id='word_1_236' title='bbox 526 3186 686 3284; x_wconf 87' lang='lat' dir='ltr'>suprema</span> <span class='ocrx_word' id='word_1_237' title='bbox 710 3182 863 3283; x_wconf 88' lang='lat' dir='ltr'>pendere</span> <span class='ocrx_word' id='word_1_238' title='bbox 884 3182 1006 3282; x_wconf 77' lang='lat' dir='ltr'>poffit3</span> <span class='ocrx_word' id='word_1_239' title='bbox 1042 3197 1128 3251; x_wconf 26' lang='lat' dir='ltr'>turni</span> <span class='ocrx_word' id='word_1_240' title='bbox 1138 3206 1193 3254; x_wconf 83' lang='lat' dir='ltr'>ex·</span> 
     </span>
     <span class='ocr_line' id='line_1_29' title="bbox 86 3282 1197 3387; baseline -0.007 -30"><span class='ocrx_word' id='word_1_241' title='bbox 86 3286 343 3387; x_wconf 85' lang='lat' dir='ltr'>intelligentiae</span> <span class='ocrx_word' id='word_1_242' title='bbox 363 3284 630 3385; x_wconf 75' lang='lat' dir='ltr'>perfectissimae</span> <span class='ocrx_word' id='word_1_243' title='bbox 653 3284 791 3376; x_wconf 88' lang='lat' dir='ltr'>indole,</span> <span class='ocrx_word' id='word_1_244' title='bbox 824 3310 916 3383; x_wconf 88' lang='lat' dir='ltr'>quae</span> <span class='ocrx_word' id='word_1_245' title='bbox 936 3282 1071 3355; x_wconf 87' lang='lat' dir='ltr'>nullam</span> <span class='ocrx_word' id='word_1_246' title='bbox 1088 3284 1197 3383; x_wconf 64' lang='lat' dir='ltr'>coge,</span> 
     </span>
     <span class='ocr_line' id='line_1_30' title="bbox 87 3384 1198 3461; baseline -0.004 0"><span class='ocrx_word' id='word_1_247' title='bbox 87 3386 190 3461; x_wconf 87' lang='lat' dir='ltr'>tandi</span> <span class='ocrx_word' id='word_1_248' title='bbox 211 3402 246 3459; x_wconf 90' lang='lat' dir='ltr'>et</span> <span class='ocrx_word' id='word_1_249' title='bbox 266 3386 439 3459; x_wconf 70' lang='lat' dir='ltr'>l&#39;entmndi</span> <span class='ocrx_word' id='word_1_250' title='bbox 459 3384 707 3459; x_wconf 80' lang='lat' dir='ltr'>successionem</span> <span class='ocrx_word' id='word_1_251' title='bbox 724 3384 893 3459; x_wconf 79' lang='lat' dir='ltr'>atlmittit.</span> <span class='ocrx_word' id='word_1_252' title='bbox 950 3384 1122 3457; x_wconf 80' lang='lat' dir='ltr'>Doctritm</span> <span class='ocrx_word' id='word_1_253' title='bbox 1141 3384 1198 3457; x_wconf 66' lang='lat' dir='ltr'>tle‘</span> 
     </span>
     <span class='ocr_line' id='line_1_31' title="bbox 87 3482 1194 3589; baseline -0.005 -27"><span class='ocrx_word' id='word_1_254' title='bbox 87 3486 147 3562; x_wconf 81' lang='lat' dir='ltr'>liis</span> <span class='ocrx_word' id='word_1_255' title='bbox 168 3486 350 3561; x_wconf 78' lang='lat' dir='ltr'>attributis</span> <span class='ocrx_word' id='word_1_256' title='bbox 373 3486 419 3560; x_wconf 88' lang='lat' dir='ltr'>ad</span> <span class='ocrx_word' id='word_1_257' title='bbox 441 3488 542 3560; x_wconf 77' lang='lat' dir='ltr'>talum</span> <span class='ocrx_word' id='word_1_258' title='bbox 563 3490 761 3589; x_wconf 84' lang='lat' dir='ltr'>practicam</span> <span class='ocrx_word' id='word_1_259' title='bbox 783 3486 949 3559; x_wconf 79' lang='lat' dir='ltr'>translata</span> <span class='ocrx_word' id='word_1_260' title='bbox 964 3482 1106 3559; x_wconf 83' lang='lat' dir='ltr'>honiini</span> <span class='ocrx_word' id='word_1_261' title='bbox 1125 3495 1194 3558; x_wconf 83' lang='lat' dir='ltr'>ca-‘</span> 
     </span>
     <span class='ocr_line' id='line_1_32' title="bbox 86 3585 1196 3690; baseline -0.004 -27"><span class='ocrx_word' id='word_1_262' title='bbox 86 3588 310 3663; x_wconf 81' lang='lat' dir='ltr'>lamitatilrus</span> <span class='ocrx_word' id='word_1_263' title='bbox 330 3587 434 3690; x_wconf 88' lang='lat' dir='ltr'>saepe</span> <span class='ocrx_word' id='word_1_264' title='bbox 457 3590 658 3663; x_wconf 79' lang='lat' dir='ltr'>tristissimis</span> <span class='ocrx_word' id='word_1_265' title='bbox 678 3588 838 3666; x_wconf 72' lang='lat' dir='ltr'>tebiecto</span> <span class='ocrx_word' id='word_1_266' title='bbox 862 3612 1034 3686; x_wconf 77' lang='lat' dir='ltr'>magnum</span> <span class='ocrx_word' id='word_1_267' title='bbox 1056 3585 1196 3659; x_wconf 79' lang='lat' dir='ltr'>afferre:</span> 
     </span>
     <span class='ocr_line' id='line_1_33' title="bbox 89 3686 1193 3790; baseline 0.01 -28"><span class='ocrx_word' id='word_1_268' title='bbox 89 3689 204 3790; x_wconf 82' lang='lat' dir='ltr'>potest</span> <span class='ocrx_word' id='word_1_269' title='bbox 219 3686 392 3765; x_wconf 77' lang='lat' dir='ltr'>solafium.</span> <span class='ocrx_word' id='word_1_270' title='bbox 1188 3703 1193 3717; x_wconf 88' lang='lat'>&#39;</span> 
     </span>
    </p>
   </div>
   <div class='ocr_carea' id='block_1_3' title="bbox 125 3820 1185 4101">
    <p class='ocr_par' dir='ltr' id='par_1_3' title="bbox 125 3820 1185 4101">
     <span class='ocr_line' id='line_1_34' title="bbox 125 3820 1185 3928; baseline -0.001 -18"><span class='ocrx_word' id='word_1_271' title='bbox 125 3860 158 3927; x_wconf 81' lang='lat' dir='ltr'>a)</span> <span class='ocrx_word' id='word_1_272' title='bbox 171 3856 395 3914; x_wconf 67' lang='lat' dir='ltr'>Phanorian</span> <span class='ocrx_word' id='word_1_273' title='bbox 409 3820 714 3915; x_wconf 60' lang='lat' dir='ltr'>teneraetenerae:</span> <span class='ocrx_word' id='word_1_274' title='bbox 729 3853 745 3915; x_wconf 82' lang='grc' dir='ltr'><strong>ὅ</strong></span> <span class='ocrx_word' id='word_1_275' title='bbox 759 3850 805 3916; x_wconf 66' lang='lat' dir='ltr'>tut</span> <span class='ocrx_word' id='word_1_276' title='bbox 817 3855 870 3926; x_wconf 69' lang='grc' dir='ltr'>ὒν,</span> <span class='ocrx_word' id='word_1_277' title='bbox 886 3852 902 3913; x_wconf 80' lang='lat' dir='ltr'>t</span> <span class='ocrx_word' id='word_1_278' title='bbox 914 3856 1052 3928; x_wconf 65' lang='lat' dir='ltr'>undisona</span> <span class='ocrx_word' id='word_1_279' title='bbox 1065 3846 1185 3927; x_wconf 75' lang='grc' dir='ltr'><strong>ἇοξᾶμι·</strong></span> 
     </span>
     <span class='ocr_line' id='line_1_35' title="bbox 158 3938 1185 4016; baseline -0.005 -18"><span class='ocrx_word' id='word_1_280' title='bbox 158 3960 218 4009; x_wconf 75' lang='lat' dir='ltr'>nc,</span> <span class='ocrx_word' id='word_1_281' title='bbox 236 3942 306 4015; x_wconf 70' lang='lat' dir='ltr'>rendi</span> <span class='ocrx_word' id='word_1_282' title='bbox 323 3940 420 4016; x_wconf 65' lang='grc' dir='ltr'>λήγων.</span> <span class='ocrx_word' id='word_1_283' title='bbox 455 3942 644 4000; x_wconf 75' lang='lat' dir='ltr'>Rainhnrd</span> <span class='ocrx_word' id='word_1_284' title='bbox 658 3946 762 4012; x_wconf 72' lang='lat' dir='ltr'>Dogm.</span> <span class='ocrx_word' id='word_1_285' title='bbox 784 3960 842 4015; x_wconf 68' lang='lat'>¹⁰4*</span> <span class='ocrx_word' id='word_1_286' title='bbox 866 3941 1061 4010; x_wconf 61' lang='lat' dir='ltr'>„Amemus</span> <span class='ocrx_word' id='word_1_287' title='bbox 1073 3939 1130 3992; x_wconf 76' lang='lat' dir='ltr'>Dei</span> <span class='ocrx_word' id='word_1_288' title='bbox 1145 3938 1185 3993; x_wconf 75' lang='lat' dir='ltr'>est</span> 
     </span>
     <span class='ocr_line' id='line_1_36' title="bbox 158 4024 1151 4101; baseline -0.003 -21"><span class='ocrx_word' id='word_1_289' title='bbox 158 4026 231 4083; x_wconf 81' lang='lat' dir='ltr'>illud</span> <span class='ocrx_word' id='word_1_290' title='bbox 243 4028 435 4097; x_wconf 74' lang='lat' dir='ltr'>attributum,</span> <span class='ocrx_word' id='word_1_291' title='bbox 454 4045 511 4100; x_wconf 84' lang='lat' dir='ltr'>quo</span> <span class='ocrx_word' id='word_1_292' title='bbox 524 4030 581 4083; x_wconf 74' lang='lat' dir='ltr'>elle</span> <span class='ocrx_word' id='word_1_293' title='bbox 593 4046 649 4083; x_wconf 80' lang='lat' dir='ltr'>nee</span> <span class='ocrx_word' id='word_1_294' title='bbox 662 4030 776 4101; x_wconf 79' lang='lat' dir='ltr'>eoepit,</span> <span class='ocrx_word' id='word_1_295' title='bbox 793 4046 848 4083; x_wconf 82' lang='lat' dir='ltr'>nec</span> <span class='ocrx_word' id='word_1_296' title='bbox 861 4042 989 4098; x_wconf 75' lang='lat' dir='ltr'>unquam</span> <span class='ocrx_word' id='word_1_297' title='bbox 1002 4024 1123 4079; x_wconf 75' lang='lat' dir='ltr'>detinet.</span> <span class='ocrx_word' id='word_1_298' title='bbox 1129 4024 1151 4054; x_wconf 84' lang='lat'><strong>”</strong></span> 
     </span>
    </p>
   </div>
   <div class='ocr_carea' id='block_1_4' title="bbox 122 4144 1185 4307">
    <p class='ocr_par' dir='ltr' id='par_1_4' title="bbox 122 4144 1185 4307">
     <span class='ocr_line' id='line_1_37' title="bbox 122 4144 1185 4219; baseline -0.002 -18"><span class='ocrx_word' id='word_1_299' title='bbox 122 4146 151 4215; x_wconf 69' lang='grc' dir='ltr'>δ)</span> <span class='ocrx_word' id='word_1_300' title='bbox 169 4148 263 4201; x_wconf 75' lang='lat' dir='ltr'>liunt</span> <span class='ocrx_word' id='word_1_301' title='bbox 282 4150 468 4217; x_wconf 75' lang='lat' dir='ltr'>Vortefimgrn</span> <span class='ocrx_word' id='word_1_302' title='bbox 483 4152 528 4203; x_wconf 77' lang='lat' dir='ltr'>tt.</span> <span class='ocrx_word' id='word_1_303' title='bbox 541 4150 567 4201; x_wconf 85' lang='lat' dir='ltr'>d.</span> <span class='ocrx_word' id='word_1_304' title='bbox 580 4151 683 4218; x_wconf 78' lang='lat' dir='ltr'>philos.</span> <span class='ocrx_word' id='word_1_305' title='bbox 698 4148 937 4219; x_wconf 75' lang='lat' dir='ltr'>Religientlaeire.</span> <span class='ocrx_word' id='word_1_306' title='bbox 962 4145 998 4201; x_wconf 77' lang='lat' dir='ltr'>L.</span> <span class='ocrx_word' id='word_1_307' title='bbox 1013 4152 1087 4217; x_wconf 66' lang='grc' dir='ltr'>18η.</span> <span class='ocrx_word' id='word_1_308' title='bbox 1106 4153 1139 4209; x_wconf 78' lang='grc' dir='ltr'>8ο</span> <span class='ocrx_word' id='word_1_309' title='bbox 1152 4144 1185 4199; x_wconf 82' lang='lat' dir='ltr'>ss.</span> 
     </span>
     <span class='ocr_line' id='line_1_38' title="bbox 157 4230 756 4307; baseline 0.005 -20"><span class='ocrx_word' id='word_1_310' title='bbox 157 4230 314 4289; x_wconf 69' lang='lat' dir='ltr'>Gerlach</span> <span class='ocrx_word' id='word_1_311' title='bbox 328 4232 669 4307; x_wconf 70' lang='lat' dir='ltr'>Religionspiilosoplt&#39;e.</span> <span class='ocrx_word' id='word_1_312' title='bbox 696 4252 756 4291; x_wconf 75' lang='grc' dir='ltr'><strong>ιιι.</strong></span> 
     </span>
    </p>
   </div>
   <div class='ocr_carea' id='block_1_5' title="bbox 0 0 1400 4759">
    <p class='ocr_par' dir='ltr' id='par_1_5' title="bbox 0 0 1400 4759">
     <span class='ocr_line' id='line_1_39' title="bbox 0 0 1400 4759; baseline 0 3"><span class='ocrx_word' id='word_1_313' title='bbox 0 0 1400 4759; x_wconf 95' lang='lat' dir='ltr'> </span> 
     </span>
    </p>
   </div>
  </div>
 </body>
</html>
