2792 4759
199 382 246 444 22
425 370 690 463 Prolegomeno.
743 369 860 462 Caput
883 370 916 439 Ι.
967 362 1000 463 §.
1030 380 1064 440 7.

197 556 314 618 mente
329 541 396 615 fibi
409 541 579 616 informat
594 538 647 640 (§.
667 542 742 640 1.),
768 542 825 615 vel
836 547 1008 638 pofitiva,
1033 542 1060 615 i.
1076 565 1106 615 6.
1124 538 1172 613 oli
1183 538 1304 613 aliena

197 644 436 736 institutione,
464 670 555 745 quae
573 660 668 716 certa
685 646 894 717 auctoritate
912 660 1058 716 externa
1083 642 1216 715 sancita
1237 641 1302 733 eit,

196 747 367 851 prolecta.
420 746 570 819 Plurimi
586 748 681 819 enim
699 744 863 819 homines
879 745 987 817 fidem
1004 744 1205 843 religiosam
1226 768 1305 816 non

197 850 366 949 propriae
388 849 522 946 mentis
538 846 604 919 usu
630 862 666 919 et
690 848 812 947 suapte
836 846 959 947 sponte
988 847 1198 946 acquirunt,
1239 844 1305 917 sed

201 975 280 1023 cam
302 950 348 1021 ab
364 950 443 1022 aliis
461 950 531 1021 nbi
551 948 723 1020 traditam
743 948 943 1048 accipiunt,
971 950 1041 1041 ita,
1070 961 1111 1020 ut
1131 947 1305 1019 161111111-

200 1074 327 1149 quam,
349 1051 406 1122 vel
422 1047 596 1151 pregrello
613 1050 757 1121 tandem
771 1051 920 1123 rationis
935 1051 1050 1141 cultu,
1070 1074 1149 1121 eam
1164 1047 1305 1120 diiudi-

202 1173 282 1226 care
299 1151 483 1253 incipiant.
535 1152 689 1224 Diveriis
712 1166 831 1224 autem
853 1152 1075 1251 temporibus
1089 1149 1305 1223 exstiterunt

200 1250 365 1327 homines
394 1254 487 1325 ultra
516 1254 698 1353 vulgarem
726 1250 915 1325 hominum
941 1268 1087 1353 captum
1114 1252 1303 1353 sapientes,

200 1352 268 1455 qui
288 1346 366 1427 luas
389 1354 433 1427 de
456 1354 628 1453 religione
651 1353 836 1455 opiniones
856 1352 935 1424 aliis
959 1354 1158 1444 traderent;
1194 1369 1305 1453 atque

201 1450 273 1531 hoc
289 1452 395 1529 modo
410 1456 591 1555 religionis
608 1456 787 1527 doctrinas
808 1469 844 1526 et
865 1454 1097 1527 caerimonias
1117 1454 1164 1526 ad
1184 1454 1305 1554 polte-

202 1560 345 1633 ritatem
371 1572 580 1661 propogntas
606 1558 779 1630 videmus.
839 1554 925 1628 lnde
953 1555 1071 1653 igitur·
1094 1570 1191 1627 ortae
1219 1555 1307 1627 lunt

199 1654 389 1756 pofitivae,
423 1685 512 1758 quas
536 1656 677 1749 dicunt,
719 1654 925 1754 religiones,
965 1682 1118 1755 (quarum
1139 1670 1305 1728 auctores

203 1764 318 1855 magis
332 1760 431 1833 sensu
446 1759 601 1857 quodam
616 1758 796 1855 religioso,
823 1783 932 1857 quam
946 1758 1131 1830 subtiliore
1145 1756 1305 1856 quadam

203 1854 432 1935 meditatione
448 1862 565 1952 ducti,
592 1860 801 1959 plerumque
818 1885 890 1932 non
906 1860 1067 1932 doctores
1083 1860 1214 1949 l'olum,
1241 1857 1305 1929 led

204 1964 313 2035 etiam
334 1962 453 2057 legum
474 1962 601 2033 latores
622 1960 845 2033 'exstiterunt
901 1958 1027 2035 Omnis
1043 1976 1161 2032 autem
1173 1963 1305 2055 pofiti·

204 2092 269 2137 vae
285 2054 466 2161 religionis
483 2062 638 2162 cognitio
655 2078 689 2135 et
703 2089 767 2163 per
781 2061 1010 2160 traditionem
1033 2078 1067 2135 et
1087 2089 1152 2163 per
1170 2063 1304 2161 l'c'ripta

200 2164 637 2266 ,adpolftcrospropagata
654 2166 744 2256 fuit,
779 2164 874 2250 unde
896 2180 931 2237 et
953 2165 1030 2264 ipl'a
1051 2163 1140 2238 haec
1162 2163 1303 2259 religio,

204 2280 379 2367 quatenus
401 2268 476 2339 eius
499 2267 625 2339 notitia
648 2264 797 2339 historia
813 2267 904 2339 duce
924 2282 1167 2367 comparatur,
1194 2270 1307 2360 inflo-

203 2374 300 2452 rica,
327 2368 496 2453 nonsatis
511 2368 658 2469 quidem
675 2368 836 2459 1161111116,
857 2368 1031 2468 appellata
1046 2366 1157 2466 611·).
1196 2368 1307 2449 Prae-

204 2470 413 2543 teren'nulla
429 2470 572 2570 religio,
596 2472 666 2543 nili
683 2471 846 2569 politiva,
866 2473 1030 2563 publicae
1042 2469 1224 2567 religionis
1239 2494 1306 2539 no

203 2562 288 2644 inan
307 2571 421 2671 potest
441 2572 620 2662 obtinere,
653 2587 839 2672 propterea
860 2572 958 2670 quod
978 2572 1210 2663 initantum,
1236 2568 1307 2642 ubi

205 2680 353 2747 externa
370 2674 544 2773 quaedam
559 2690 593 2745 et
609 2675 769 2771 legitima
785 2671 834 2744 eit
850 2674 1059 2765 auctoritas,
1085 2673 1163 2745 fieri
1179 2670 1305 2772 potest,

205 2792 247 2847 ut
262 2776 459 2845 communis
475 2776 513 2845 in
527 2774 700 2847 doctrinis
716 2788 751 2845 et
764 2775 989 2847 caerimoniis
1006 2774 1190 2847 conlenl'us
1205 2799 1306 2847 com-

206 2878 397 2973 munisque
422 2874 605 2973 religionis
632 2874 747 2946 cultus
777 2876 923 2948 oriatur.
982 2876 1101 2976 Atque
1129 2874 1306 2947 eiusmodi

206 2974 342 3067 61111116,
358 2966 411 3047 ’61
432 2976 508 3074 ipl'a
524 2970 677 3047 ¹historia
698 2974 752 3047 tei
751 2992 801 3069 te,
833 2977 1030 3077 plurimum
1048 2976 1160 3050 valuit
1181 2976 1228 3049 ad
1248 3002 1306 3048 re-

205 3077 384 3177 ligionem
398 3076 676 3177 promovendam
697 3078 1037 3179 perficiendamque3
1072 3105 1136 3152 nec
1153 3078 1218 3151 nifi
1235 3106 1305 3173 po·

198 3182 311 3275 sitive
332 3178 486 3277 quadam
500 3176 615 3251 i'orina
632 3178 758 3276 religio
774 3185 948 3251 naturalis
968 3207 1127 3281 unquam
1140 3180 1302 3253 invaluit.

208 3274 519 3371 Quemadmodum
552 3282 648 3354 enim
682 3280 797 3372 oiunis
829 3280 979 3376 humani
1003 3283 1142 3381 generis
1166 3282 1305 3355 cultura

206 3405 279 3453 non
305 3381 368 3451 nili
393 3384 574 3454 communi
598 3382 713 3453 l'tudio
739 3398 774 3453 et
798 3387 979 3455 communi
995 3384 1059 3456 ‚vel
1083 3383 1304 3483 experientia

206 3480 264 3553 vel
297 3483 495 3555 imitatione
527 3484 737 3583 116111611111,ι
773 3485 823 3557 ita
847 3485 1028 3582 religionis
1051 3484 1208 3557 studium
1232 3509 1304 3555 non

207 3584 273 3657 nili
296 3584 490 3656 multorum
509 3586 648 3661 viribus
669 3585 800 3658 iunctis
822 3585 913 3657 bene
940 3588 1100 3686 prolicit3
1136 3602 1171 3659 et
1193 3608 1305 3686 quum

208 3686 333 3757 (livino
353 3700 478 3759 natura
504 3686 857 3760 alenlrltus‘remota
878 3686 1029 3787 ideoque
1051 3690 1127 3760 eius
1149 3686 1305 3787 cognitio

207 3788 319 3859 variis
340 3776 521 3858 erroribus
544 3786 702 3859 subiecta
725 3790 784 3880 iit,
821 3804 857 3861 et
877 3789 984 3861 ardor
1006 3789 1243 3888 cupiditatum
1264 3810 1306 3858 oe

208 3887 404 3961 libidinum
433 3889 511 3987 pios
540 3902 657 3959 motus
686 3890 727 3960 in
754 3890 883 3961 animis
912 3886 1100 3962 hominum
1129 3889 1306 3963 nascentes

208 3988 348 4087 saepius
365 3988 421 4061 vel
437 4002 641 4089 corrumpat
661 3986 719 4061 vel
737 3990 841 4089 plane
857 3991 1035 4091 opprimat
1055 4008 1160 4091 atque
1181 3990 1305 4063 reitin-

209 4102 316 4183 guat,
348 4090 526 4189 iequitnr,
561 4106 602 4163 ut
630 4106 770 4191 praeter
801 4091 999 4165 naturalem
1026 4092 1073 4166 ad
1099 4093 1306 4191 religionem

213 4188 422 4263 instinctum
446 4194 608 4269 doctrina
641 4194 845 4293 requiratur
876 4210 912 4273 et
943 4194 1103 4298 instituto
1132 4192 1307 4293 (quaedam
