2792 4759
344 1022 729 1110 THEOLOGIAE
768 1018 1161 1107 DOGMATICAE

648 1184 852 1241 PARSIE

193 1320 273 1419 'De
298 1322 478 1411 consiliis
509 1342 555 1409 et
583 1322 786 1409 institutis
809 1322 963 1407 divinis
993 1302 1047 1409 mi
1072 1307 1300 1409 hominnm

238 1458 420 1543 salutern
448 1484 528 1567 per
554 1450 698 1540 Iesum
724 1452 936 1538 Christum
966 1454 1262 1565 reparandam.

630 1680 868 1735 CuerrL

203 1804 268 1873 on
296 1800 487 1869 sporus
516 1799 757 1867 nonnum
790 1798 1088 1867 nurnnvnrr
1116 1798 1299 1867 cnusrs
1391 1778 1392 1825 ³

576 1898 639 1965 ET
670 1898 921 1965 Ertssctla

676 2094 709 2199 §.
743 2114 826 2177 trs.

510 2258 987 2331 Introductim

201 2405 360 2534 Homo,
394 2440 558 2541 quemvis
580 2438 726 2515 eximiis
748 2462 770 2509 a
791 2452 947 2515 creatore
969 2453 1004 2513 et
1024 2436 1138 2513 enimi
1159 2450 1195 2511 et
1218 2462 1298 2513 cor-

200 2547 299 2651 poris
314 2542 457 2618 dotibus
473 2542 680 2633 instructus,
707 2564 779 2613 non
793 2540 863 2613 fine
878 2565 1006 2641 magno
1023 2538 1145 2613 lobore
1160 2554 1197 2613 et
1212 2565 1297 2613 con-

200 2651 302 2723 tiuuo
316 2646 450 2739 studio,
476 2670 541 2717 nec
555 2642 620 2716 nifi
635 2668 656 2715 a
671 2641 792 2743 parvis
806 2641 920 2715 initiis
940 2640 987 2713 ad
1002 2642 1214 2741 dignitatem
1230 2640 1296 2739 ipsr

200 2746 409 2825 destinatam
430 2746 670 2845 maioremque
689 2742 758 2815 Dei
782 2742 1065 2834 similitudinem,
1104 2764 1197 2841 (quoe
1221 2740 1296 2813 soso

200 2876 283 2923 vcro
302 2848 444 2920 virtutis
466 2844 545 2919 idea
568 2842 716 2959 abipso
737 2840 921 2916 efficiendo
937 2844 1154 2934 continetur,
1178 2842 1296 3015 potest

1207 2968 1229 3015 o

200 2974 389 3047 emergere.
445 2944 633 3019 Neminem
659 2970 756 3017 emm
779 2959 904 3017 nature
932 2942 994 3017 suo
1020 2942 1156 3017 bonum
1230 2970 1295 3015 ne-

198 3052 362 3150 stumque
377 3043 460 3142 esse,
486 3044 697 3119 sedtantum
709 3044 935 3119 facultatibus
956 3060 991 3119 et
1011 3044 1129 3119 indole
1151 3044 1198 3117 ed
1216 3044 1295 3115 vir-

199 3167 313 3227 tutem
335 3148 536 3250 praeditum
557 3145 654 3221 nesci
666 3144 722 3244 ⁸),
755 3146 911 3246 itemque
928 3172 999 3219 uno
1014 3172 1097 3219 cum
1112 3145 1188 3245 ipso
1205 3170 1295 3218 oon-

199 3251 345 3329 scientiu
359 3249 466 3343 recti,
498 3248 631 3349 quippe
646 3270 738 3346 quae
756 3272 827 3319 non
842 3247 907 3319 nisi
964 3246 1099 3319 adarim
1114 3246 1295 3319 excolitur

199 3380 242 3429 ac
263 3352 401 3453 saepius
423 3350 580 3423 claritate
602 3364 637 3421 ct
656 3349 695 3421 vi
716 3346 919 3422 adrentum
962 3348 1190 3446 onel'tumque
1206 3345 1295 3419 ubi-

198 3455 254 3531 vis
270 3454 407 3527 strenue
422 3449 638 3551 sequendum
652 3444 839 3521 necessario
852 3448 1063 3542 destituitur,
1079 3449 1181 3521 simui
1195 3448 1295 3520 iner-

199 3558 288 3635 tiam
302 3551 466 3627 honestae
485 3551 676 3625 voluntatis
691 3564 727 3623 et
743 3550 856 3649 ipsam
875 3550 1141 3651 propensionem
1159 3547 1186 3622 s.
1205 3574 1295 3649 pro-

200 3658 392 3733 clivitatem
412 3652 592 3753 quandam
611 3650 658 3727 ad
678 3650 898 3751 peccandum
912 3667 1081 3751 perpetuo
1096 3650 1211 3725 studio
1227 3676 1296 3751 op-

199 3756 423 3864 primendam
438 3756 478 3829 in
494 3768 610 3827 mente
629 3748 785 3825 hominis
803 3752 972 3851 cuiusque
997 3753 1162 3852 progigni
1184 3767 1295 3852 atque

200 3863 298 3937 ‹uosr
321 3858 468 3933 insidere
486 3852 541 3953 ι),
575 3868 611 3925 et
633 3852 854 3953 experientia
874 3867 909 3925 et
931 3850 1105 3968 scriptino
1126 3852 1151 3926 s.
1175 3854 1291 3927 docet.

201 3891 357 4059 sissouh.
384 3971 441 4051 15,
466 3955 551 4055 19.)
605 3960 756 4031 Peccore
774 3951 806 4052 ⁶)
830 3969 947 4027 autem
970 3954 1122 4047 dicitur,
1154 3980 1203 4027 ex
1227 3956 1296 4027 usu

199 4064 308 4135 ctiam
329 4058 499 4159 loquendi
520 4054 657 4129 biblico
678 4054 791 4157 (1¹10.
809 4070 843 4147 3,
861 4065 895 4129 4.
929 4055 997 4129 loc.
1016 4063 1050 4147 4,
1071 4056 1175 4155 tu),
1211 4057 1298 4155 qui-

91 4189 96 4200 ’
199 4188 342 4260 cunque
363 4162 484 4259 suopte
507 4160 629 4259 sponte
652 4182 674 4229 o
694 4156 790 4229 voris
812 4154 1099 4256 sanctissimisque
1115 4158 1184 4231 Dei
1204 4156 1299 4258 legi—
