2792 4759
206 329 282 405 ero
461 326 560 410 ran,
581 323 654 396 ns.
704 325 849 418 σφι.
895 317 1067 422 §.1⁹ss

277 489 434 563 Emigtrit.
452 495 478 548 1.
494 493 660 565 ytaean'es,
676 493 811 550 Schott
825 493 902 565 Epit.
916 495 1005 550 theol.
1019 497 1082 552 chr.
1095 495 1194 566 dogm.
1211 497 1271 552 Ed.
1293 515 1318 550 1.
1381 529 1382 572 ,

276 595 307 648 p.
324 593 381 645 ²²5·
406 577 582 647 „Corporo,
604 575 754 646 inquient,
776 577 906 632 humano
920 577 1054 633 subtilius
1068 579 1205 649 idemque
1218 581 1318 633 nobis

276 659 423 716 invifihile
435 659 584 716 contineri
597 660 693 714 animi
706 661 798 714 nostri
813 659 1000 716 involucrum
1012 663 1034 716 t.
1050 678 1199 732 organon,
1223 665 1318 718 cuim

276 748 362 800 utum
374 744 488 800 animno
500 753 531 798 et
542 744 574 798 in
586 743 643 798 irae
656 744 719 798 rita
731 745 862 800 terrestri
875 745 969 802 saciet
988 755 1019 800 et
1037 747 1131 800 itatim
1149 749 1212 816 post
1228 763 1319 802 mor

216 863 222 875 ·
276 839 340 884 tem
357 829 496 886 libertate
513 827 620 884 nrniori
637 829 675 882 fit
692 829 862 885 imurnrst'
903 834 930 886 J.
948 832 980 884 Ρ.
998 832 1056 886 Fr.
1073 829 1237 886 Richter
1259 833 1319 886 Aa·

277 916 377 970 bandi.
393 917 439 968 tt.
454 913 720 982 d.Mognetismus,
737 912 769 970 in
783 915 920 984 Mutum.
938 917 963 970 1.
984 917 1038 970 tii.
1074 919 1101 970 J.
1115 915 1151 968 G.
1165 917 1204 972 D.
1218 917 1318 972 Ehr-

275 1000 362 1054 hnrt
380 1000 467 1052 Uetto·
479 999 524 1050 die
537 998 646 1068 christi.
657 999 966 1070 Auserjlelrungrlelrrc.
986 1002 1063 1058 Utin.
1079 1010 1154 1070 1825.
1171 1003 1210 1058 nl.
1248 1003 1316 1059 via

277 1083 577 1140 Brettchneidcr
590 1085 702 1140 Ennio.
719 1085 864 1155 anagn.
882 1087 921 1142 11.
939 1089 1024 1162 5771.
1064 1103 1067 1110 ¹

681 1279 716 1381 §.
745 1293 828 1362 195.

513 1441 1002 1512 Continentia

310 1609 471 1684 Tantum
484 1636 569 1685 vero
585 1607 702 1703 aben,
735 1626 776 1686 ut
792 1613 997 1708 resurrectio
1015 1637 1209 1714 corporum
1219 1643 1299 1700 ,cum

208 1713 312 1790 ianae
328 1713 478 1786 rationis
493 1714 691 1815 praeceptis
706 1711 799 1787 beue
815 1716 999 1790 conciliari
1015 1732 1139 1816 queat,
1165 1734 1206 1790 ut
1219 1719 1303 1818 plu-

208 1817 312 1892 rimis
324 1811 606 1915 graviffimirque
618 1815 837 1914 impediatur
851 1813 1116 1906 difficultatibus
1130 1817 1175 1914 ⁸).
1212 1827 1303 1892 Pri-

210 1946 308 1988 mum
319 1915 416 1992 euim
426 1916 587 1990 dulitari
599 1917 741 2014 nequit,
759 1918 850 2016 qiua
860 1915 950 1992 haec
967 1921 1128 2019 cogitatio
1143 1945 1162 1992 e
1178 1923 1296 1994 untio-

207 2021 317 2096 nibus
327 2020 464 2094 mancio
473 2032 510 2090 et
521 2014 738 2118 imperfectis
751 2015 941 2096 hominum
952 2022 1179 2096 incrrltiorum
1189 2047 1298 2122 ong1

206 2151 292 2200 nem
303 2121 474 2212 traxerit,
492 2123 627 2222 quippe
638 2121 722 2218 qui,
741 2119 832 2194 iusta
845 2123 1002 2198 numinis
1019 2123 1135 2196 divini
1147 2123 1229 2196 idea
1241 2125 1302 2196 de-

208 2225 340 2318 stituti,
356 2225 469 2297 vitam
481 2221 559 2325 polt
572 2239 724 2298 mortem
735 2223 891 2298 trunam
905 2252 925 2298 e
939 2225 1012 2298 iola
1024 2227 1118 2298 vitae
1130 2225 1296 2300 terrestris

208 2343 337 2406 natura
362 2327 430 2402 fibi
455 2326 586 2426 fingere
610 2323 742 2418 loleut;
781 2351 853 2424 quo
876 2324 1010 2400 factum
1032 2325 1101 2420 est,
1144 2342 1183 2400 ut
1204 2327 1296 2428 apud

209 2429 410 2533 complures
423 2441 544 2528 gentes
559 2425 748 2520 barbaras,
779 2427 935 2528 itemque
953 2429 992 2502 in
1007 2427 1229 2504 Zoroaltrica
1244 2429 1299 2501 di,-

208 2533 377 2634 l'ciplina,
418 2557 437 2603 e
461 2531 564 2603 cuins
588 2528 691 2614 fonte¹
714 2528 780 2629 ipsi
801 2529 926 2604 Iudaei
951 2527 1098 2604 haufiilc
1124 2531 1302 2622 ridentur,

207 2635 271 2724 illa
290 2629 573 2735 deprehendam
593 2625 647 2728 (§.
667 2630 783 2727 190.)
840 2637 932 2704 Tum
951 2631 1159 2708 resurrectio
1175 2659 1302 2732 corpo

207 2761 291 2814 rum
311 2734 410 2809 init
426 2733 470 2806 N.
486 2733 533 2806 T.
553 2733 702 2824 uadita,
733 2757 826 2832 quae
846 2733 930 2806 inde
950 2733 1092 2834 abipsa
1112 2733 1298 2832 apostolica

208 2852 322 2910 aetate
338 2834 438 2934 (Act.
452 2849 511 2928 ιτ,
524 2849 587 2910 en.
617 2834 727 2909 icor.
745 2844 877 2926 15,1n.
906 2835 1037 2911 nTnn.
1054 2852 1087 2928 2,
1105 2833 1180 2931 17.)
1196 2833 1299 2908 haud

207 2937 334 3042 paucis
349 2935 551 3037 improbata
568 2934 638 3008 fuit
651 2932 706 3035 ὗ),
739 2951 812 3010 tam
827 2953 923 3012 arcte
939 2939 1119 3012 coniuncta
1136 2937 1302 3010 cernitur

207 3067 294 3116 cum
307 3037 537 3140 opinionibus
550 3035 596 3112 de
608 3037 731 3110 Mallia
751 3035 922 3132 mythicis
940 3053 976 3113 et
997 3065 1075 3114 curu
1095 3038 1304 3112 narratione

207 3141 254 3218 de
275 3140 353 3216 Ieiu
372 3139 412 3214 in
431 3139 543 3213 ritem
565 3137 725 3214 restituto
748 3137 789 3237 (1
809 3140 888 3214 Cor.
908 3135 1120 3237 15,121l.),
1158 3153 1201 3212 ut
1226 3166 1305 3214 uon

208 3245 280 3317 alia
298 3243 435 3316 ratione
455 3263 498 3314 ac
519 3237 639 3334 mythi
662 3239 722 3312 itti
745 3239 898 3315 iudicari
921 3257 956 3316 et
977 3240 1153 3342 explicari
1176 3239 1302 3341 poffit:

208 3343 443 3446 quamobrem
463 3341 529 3442 ipfi
549 3341 761 3442 antiquioris
782 3341 953 3416 formulae
968 3342 1163 3418 defensores
1178 3367 1304 3418 recen-

207 3447 334 3535 tiores,
356 3470 485 3544 parum
498 3441 645 3544 quidem
657 3443 871 3538 constanter,
891 3446 1052 3518 omnium
1066 3444 1262 3544 scripturae
1278 3445 1312 3546 l'.¹

207 3545 398 3624 effatorum
417 3543 491 3620 hue
509 3542 762 3646 pertinentium
780 3543 834 3644 (v.
850 3573 881 3620 c.
903 3561 918 3622 1
937 3545 1055 3621 Thell.
1071 3554 1106 3640 4,
1125 3561 1203 3638 16,
1236 3549 1308 3621 uhi

206 3659 365 3745 κέλιυσμα
384 3648 438 3722 καὶ
459 3645 547 3736 Ocni
567 3647 785 3745 dpxmatro,
811 3647 946 3745 σάλπιγξ
965 3653 1058 3742 ent,
1086 3674 1309 3736 commemo-

207 3748 371 3849 rantur),
410 3747 547 3826 sentum
578 3752 766 3850 proprium
798 3749 981 3824 admittere
1014 3750 1228 3823 dubitarunt
1254 3750 1305 3849 ι)

196 3861 348 3934 Deinde
362 3881 434 3928 non
448 3851 675 3950 intelligitur,
696 3851 875 3952 quomodo
891 3853 1085 3953 particulae
1100 3849 1211 3924 huius
1227 3879 1308 3926 cor-

207 3961 306 4060 poris
321 3961 361 4031 in
374 3972 427 4031 tot
441 3956 511 4028 alia
524 3967 560 4027 et
573 3953 648 4054 ipsa
660 3951 816 4027 humana
829 3981 976 4055 corpora
991 3955 1158 4028 disiectae
1173 3968 1209 4026 et
1224 3981 1306 4048 mu-

210 4076 302 4133 tatae
318 4057 438 4159 colligi
458 4057 585 4160 poffint
605 4069 641 4128 et
661 4059 815 4148 restitui,
848 4055 984 4156 etquid
1003 4053 1072 4154 lipc
1090 4055 1206 4154 ipliun
1224 4083 1306 4128 cor-

208 4189 277 4260 pus
292 4161 492 4236 restitutum
505 4159 613 4234 saciat
627 4157 674 4232 ad
687 4159 885 4234 mercedum
905 4159 1081 4233 tactormu
1099 4159 1138 4230 in
1153 4157 1230 4232 vita
1247 4157 1307 4232 fu-
