2792 4759
175 368 246 436 166
448 362 542 432 Pan
566 361 598 431 l.
651 359 738 452 cap.
762 360 813 428 Is.
863 347 896 452 §.
922 363 981 430 44.

238 529 376 600 inprimia
393 530 538 584 humanae
556 541 697 598 naturae,
721 547 879 599 carumque
898 527 1127 584 exercendarum
1146 531 1277 586 saculta-

238 626 283 670 tea
297 625 326 668 at
342 615 509 669 occofionea
524 615 694 687 diriguntur
713 633 747 668 ao
766 616 979 688 gubernantur.
1017 613 1153 684 Inprimis
1167 625 1273 670 autem
1382 604 1383 668 i

241 699 341 754 omnia
356 697 506 767 instituta,
532 702 640 770 quibua
655 719 742 756 verua
755 702 813 756 Dei
830 699 925 754 cultor
940 717 1065 768 veraque
1079 699 1171 752 virtua
1188 701 1274 770 opti·
1382 712 1383 734 ¹

238 802 288 840 rna
303 795 512 855 promovetur,
535 802 552 837 a
566 787 631 840 Deo
651 785 715 854 ipso
736 795 859 842 auctora
877 793 961 838 recte
981 793 1173 854 repetuntur,
1198 805 1273 856 pro·
1383 764 1384 812 i

203 903 210 914 ·
237 881 342 942 pterea
362 869 442 942 quod
459 885 563 924 eorum
584 871 754 924 intentorea
774 869 891 940 ingenii
914 870 1070 924 ioculanter
1095 879 1126 922 et
1146 869 1272 926 idonaaa

237 955 347 1026 agendi
368 955 622 1033 opportunitataa,
653 972 724 1024 quaa
744 954 862 1028 quidam
884 956 988 1023 suapte
1008 957 1112 1026 sponte
1131 955 1163 1008 in
1184 958 1273 1010 ulum

239 1049 466 1105 converterunt,
484 1038 598 1092 divinae
610 1039 813 1108 providentioa
825 1049 958 1108 acceptae
971 1038 1122 1107 iarebant,
1137 1051 1168 1094 et
1179 1041 1269 1112 quod,

239 1142 299 1198 quo
310 1123 407 1194 magia
426 1123 523 1195 aliqua
541 1141 588 1178 rea
608 1123 646 1176 ad
658 1123 716 1176 Dai
735 1123 917 1179 voluntatem
938 1133 1025 1196 atque
1045 1125 1200 1179 confilium
1219 1143 1269 1178 ao·

237 1209 422 1264 commodate
443 1209 575 1278 succepto
594 1209 704 1278 suerit,
730 1225 764 1262 eo
782 1207 891 1266 certius
906 1210 961 1262 Dei
983 1208 1126 1266 auxilium
1146 1212 1181 1264 ad
1203 1229 1269 1265 eam

238 1294 450 1364 exsequendam
464 1312 498 1348 ae
513 1293 725 1365 perficiendam
740 1293 902 1362 exspectari
918 1295 1020 1366 potall.
1055 1297 1161 1366 Itaque
1177 1315 1269 1367 quum

238 1379 377 1451 princepe
397 1378 450 1432 ille
469 1379 652 1434 Christianae
670 1378 828 1452 religionia
847 1389 953 1432 auctor
974 1380 1005 1436 in
1026 1397 1061 1434 ea
1079 1381 1269 1448 instituanda,

237 1467 380 1520 summam
392 1462 578 1520 sanctitatem
591 1473 621 1516 et
636 1463 779 1534 pietatem
793 1479 860 1516 curn
875 1464 1032 1534 purifflrnia
1048 1467 1166 1522 virtutis
1181 1485 1271 1536 prae·

237 1550 331 1622 captia
345 1549 529 1604 coniunxerit
542 1539 715 1622 eoqua'iplo
730 1546 875 1602 voluntati
887 1548 1000 1617 divinae
1013 1552 1132 1620 egregie
1143 1551 1203 1605 sela
1218 1569 1269 1604 ac-

237 1633 488 1700 commodaverit,
512 1649 659 1707 quumque
675 1649 710 1684 er
725 1631 788 1698 eiua
803 1630 929 1686 inllituti
950 1632 1043 1688 initiis
1065 1645 1095 1690 et
1113 1637 1266 1706 progressu

236 1721 328 1774 facila
343 1720 554 1790 cognoscatur,
581 1717 698 1770 divinae
712 1715 914 1786 providentiae
930 1720 1075 1774 auxilium
1090 1730 1119 1772 ct
1131 1721 1266 1772 favorem

236 1803 266 1858 ai
281 1805 407 1860 mirifice
422 1801 582 1872 profuisse,
599 1804 712 1856 summo
723 1800 788 1856 iure
798 1801 1140 1876 Chriltiauaareligionir
1153 1803 1267 1858 insitu·

236 1889 279 1942 tio
289 1888 344 1946 Dai
356 1887 446 1964 lpliua
460 1902 533 1955 opua
546 1895 577 1940 et
591 1901 693 1941 munna
707 1884 834 1942 hahetur
848 1888 1007 1959 eodemque
1021 1890 1087 1942 iure
1098 1891 1176 1942 Iesus
1189 1888 1267 1943 eiua·

235 1991 294 2044 que
307 1972 434 2046 Apostoli
447 1971 505 2028 Dei
521 1969 613 2040 legati
628 1979 717 2043 atque
731 1969 856 2026 mioiiiri
872 1974 1038 2027 censentur.

206 2077 233 2142 c)
252 2075 332 2127 Iesua
348 2073 409 2142 ipse
424 2075 481 2138 (lo.
496 2089 523 2142 7,
540 2077 595 2148 ιχ.)
610 2071 793 2139 doctrinam,
812 2089 898 2144 quam
912 2073 1047 2141 tradidit,
1064 2071 1193 2125 divinam
1208 2073 1266 2126 else

140 2215 144 2221 ,
237 2159 381 2231 profetica
397 2157 451 2226 alt,
471 2168 612 2226 quatenus
627 2154 726 2208 divina
742 2154 805 2210 eiua
819 2158 933 2210 indoleo
949 2160 984 2210 ab
998 2157 1114 2208 homine
1130 2173 1199 2210 vera
1214 2174 1262 2209 re·

233 2243 338 2316 ligioso
354 2241 507 2314 proboque
525 2241 601 2298 bene
623 2239 763 2308 cognosci
786 2243 879 2309 poten
899 2251 985 2312 atqua
999 2241 1166 2296 diiudicari.
1201 2243 1260 2294 Ve-

234 2347 302 2388 rum
316 2327 408 2386 etiam
421 2327 521 2384 divina
534 2334 616 2380 recta
630 2323 756 2392 dicitur,
777 2323 845 2400 quia
858 2345 914 2380 non
929 2329 985 2382 line
998 2325 1118 2380 numine
1131 2325 1264 2395 primurn

231 2415 353 2470 {noenu
367 2423 397 2467 et
408 2411 518 2470 tradita
532 2411 580 2465 eo.
615 2410 749 2480 Namque
763 2409 843 2466 Deua
858 2409 1073 2480 omnipraesenr
1088 2411 1198 2463 nemini
1213 2410 1265 2464 de-

234 2501 275 2554 cli
288 2498 413 2554 lludiose
428 2496 524 2566 ipsunt
540 2491 708 2564 acquirenti
730 2503 759 2547 et
780 2493 814 2546 ad
834 2494 954 2548 conlilia
969 2495 1064 2547 divina
1082 2494 1265 2565 exsequenda

232 2595 352 2659 promto
367 2591 397 2636 et
412 2591 525 2652 parato.
565 2577 637 2648 Quia
656 2588 755 2632 autem
770 2578 888 2648 dignior
907 2595 1037 2648 unquam
1058 2578 1168 2632 exstitit
1186 2579 1263 2630 eiua·

230 2669 312 2729 modi
327 2665 437 2722 auxilio
453 2663 570 2731 divino,
590 2663 690 2734 quiere
704 2663 887 2736 gravioribus
902 2662 991 2715 etiam
1005 2661 1206 2734 providentiae
1220 2663 1264 2716 di·

232 2756 318 2810 vinae
333 2750 517 2806 documentir
531 2751 648 2820 gavisus
664 2747 717 2815 eil,
737 2765 825 2819 quarn
838 2757 943 2804 auctor
957 2747 1115 2816 religionis
1125 2748 1261 2802 Christia-

230 2855 287 2894 nae
297 2838 329 2890 in
341 2846 493 2891 aeternum
507 2843 591 2906 grato
604 2832 701 2885 animo
716 2831 954 2903 prosequendual
967 2861 1002 2874 -
1028 2831 1071 2885 Cf.
1088 2831 1160 2885 Cic.
1176 2833 1212 2885 N.
1222 2833 1260 2886 D.

230 2923 271 2976 11.
290 2905 335 2974 6'6.
362 2919 483 2993 „Nemo
501 2917 548 2972 vir
561 2933 686 2986 magnua
703 2915 763 2972 stne
779 2917 879 2988 aliquo
894 2915 998 2970 afflatu
1013 2916 1114 2969 divino
1130 2934 1260 2986 unquam

228 3007 326 3061 fuit.’‘
361 3004 502 3057 Seneca
518 3001 571 3070 Ep.
584 3019 627 3067 4¹·
647 3001 707 3066 „ln
721 3018 894 3071 unoquoquo
909 3002 1036 3054 virorum
1050 3002 1195 3053 honorum
1209 3002 1261 3053 ha-

227 3091 307 3148 bitat
320 3088 439 3144 Deua.”
474 3087 529 3156 Ep.
543 3085 585 3140 66.
611 3085 743 3152 „nerim
768 3103 835 3156 para
849 3085 941 3138 divini
962 3085 1081 3155 spiritua
1101 3084 1133 3137 in
1153 3103 1260 3154 corpur

227 3177 389 3231 humanum
401 3171 535 3226 mersa.”
569 3170 742 3224 Antonin.
758 3170 795 3224 de
808 3171 837 3228 se
850 3171 922 3240 ipso.
942 3171 1008 3224 Xll.
1029 3188 1055 3223 c.
1068 3185 1106 3237 15.
1126 3165 1262 3226 ‘Bxdoroo

227 3260 293 3325 wilc
308 3255 396 3324 daia,
420 3257 467 3314 nui
483 3255 598 3312 inciter
613 3251 740 3334 ἐρ’ρὖκι.
764 3283 800 3300 -·-
832 3253 930 3324 Briesa
948 3257 992 3310 iil.
1008 3253 1061 3308 den
1074 3253 1262 3309 Rationalis·

228 3362 299 3402 mur.
320 3341 417 3416 29711.
510 3397 515 3408 ,

193 3452 223 3519 a)
242 3439 728 3506 Cl.llanlrc1.ineam.iult.iid.
745 3440 814 3496 Chr.
834 3458 864 3512 p.
878 3458 922 3512 59.
950 3437 1086 3514 „Quidni
1106 3443 1261 3512 impulsum

227 3543 258 3586 ct
272 3539 413 3586 conatum
426 3525 576 3580 scribendi
590 3543 624 3578 ex
640 3525 709 3577 aliia
724 3523 904 3578 inserviendi
919 3524 1031 3593 studio,
1050 3545 1108 3598 quo
1123 3527 1261 3582 fereban-

224 3627 276 3674 tur
289 3613 465 3682 scriptoraa,
490 3619 520 3662 at
540 3627 575 3663 ex
595 3608 820 3684 opportunitate
841 3608 892 3660 libi
916 3608 1031 3672 oblata;
1059 3613 1197 3667 materiae
1210 3613 1260 3664 de·

226 3703 330 3768 laetum
352 3715 385 3752 ex
404 3695 548 3765 temporit
571 3703 601 3747 et
619 3693 680 3747 loci
703 3691 848 3764 peculiari
869 3685 1052 3754 neceffitate';
1079 3693 1155 3764 ipsar
1176 3713 1220 3747 res
1243 3715 1260 3748 e

156 3835 160 3844 ,
224 3785 363 3844 scientiae
376 3782 443 3836 suae
456 3780 558 3849 copia,
577 3777 793 3847 dispofitionem
807 3784 837 3830 ct
852 3791 984 3828 ornatum
1001 3795 1035 3829 ex
1047 3777 1167 3846 iugenio
1181 3781 1261 3852 quia·

223 3890 280 3947 que
296 3873 365 3928 suo;
390 3867 474 3918 verbo
490 3881 524 3916 ex
541 3862 753 3918 consuetudine
768 3871 797 3913 at
812 3862 864 3916 usu
878 3859 1018 3930 loquendi
1040 3862 1093 3915 fibi
1113 3863 1258 3917 familiari

225 3948 467 4008 desumserintl''
504 3946 618 4018 Quibus
632 3945 734 4017 politia
749 3961 807 4000 non
824 3945 1017 4016 impedimur,
1044 3965 1100 4016 quo
1115 3949 1211 4002 minua
1227 3950 1259 4004 in

224 4033 446 4093 conlcrilrendia
467 4031 734 4104 conservandisque
754 4029 870 4100 singulir
890 4029 963 4082 socri
986 4030 1096 4086 codicia
1119 4033 1256 4101 partibua

223 4117 428 4196 providentiae
443 4118 559 4178 divinae
574 4111 719 4171 auxilium
733 4113 782 4184 pia
798 4111 996 4184 agnoscamus.

190 4229 217 4301 a)
236 4225 439 4297 Nicmayar
454 4223 556 4294 Popul.
571 4241 599 4277 u.
613 4222 708 4292 proiit·
723 4220 885 4290 Theologr'e.
905 4221 931 4279 fi.
944 4223 976 4276 A.
995 4223 1032 4278 H·
1045 4230 1121 4296 ιδῃ.
1138 4239 1169 4294 p.
1179 4239 1213 4294 53
1223 4224 1255 4278 [s.
