2792 4759
139 370 143 385 .
200 342 256 413 gg
421 332 686 423 Prolegomouu.
739 300 910 425 Caputs.
959 324 1082 427 §.1t.

202 507 386 599 homines,
418 506 473 578 vel
497 521 616 579 coetus
639 503 830 578 homnium
848 499 1014 605 arrogare
1037 504 1104 579 libi
1126 502 1307 581 infallibi-

202 612 340 687 litatem
364 624 425 681 aut
447 607 494 679 al)
515 608 594 679 aliis
617 606 792 709 postulare
814 604 971 711 possunt,
1002 624 1045 681 ut
1063 606 1221 711 ipsorum
1235 636 1306 684 au-

202 715 402 790 ctoritatem
418 711 488 783 sine
503 712 668 782 examine
683 708 890 808 sequantur,
918 710 1084 811 inprimis
1098 710 1123 782 si
1139 708 1183 783 de
1197 737 1306 812 prae·

200 816 316 917 ceptis
330 813 512 913 religionis
526 826 587 885 aut
602 837 744 884 morum
759 826 902 909 agatur,
928 812 1116 885 arctissime
1132 838 1215 886 cum
1229 817 1305 889 sin-

195 920 369 1019 gulorum
394 939 477 989 vera
502 913 611 985 l'alute
640 911 903 1011 coniunctast).
961 912 1100 988 Deinde
1126 941 1210 988 vero
1238 919 1305 992 illa

195 1017 469 1096 cadorcorum
485 1016 577 1088 ratio
590 1012 809 1087 Christianae
826 1016 1008 1114 religionis
1025 1019 1222 1119 praeceptis
1240 1048 1303 1094 re-

228 1134 338 1221 ugnat
354 1134 388 1191 et
406 1118 615 1219 gravissimis
633 1132 667 1189 et
683 1115 981 1210 incidentislimis,
1015 1119 1166 1219 ideoque
1182 1126 1303 1197 omni-

200 1150 271 1299 sius
295 1220 504 1295 Christianis
534 1234 717 1318 arrogatae
739 1218 806 1291 fibi
831 1243 852 1289 a
875 1219 1106 1318 pontificibus
1127 1222 1302 1297 Romanis

202 1324 440 1399 dominationi
459 1322 515 1394 ins
532 1320 582 1395 est
603 1321 820 1393 intercedere
841 1335 876 1391 et
899 1318 993 1393 hanc
1017 1322 1302 1400 intercessionem

203 1426 348 1529 pultlice
371 1422 567 1525 protestari.
618 1427 929 1518 Protestautismuo
953 1436 1073 1494 autom
1098 1450 1211 1521 quum
1234 1454 1301 1501 ac-

200 1543 325 1623 curata
341 1542 376 1599 et
391 1526 513 1599 subtili
529 1524 754 1621 indagatione
776 1522 952 1595 librorum
972 1522 998 1594 s.
1021 1523 1215 1624 scripturae
1236 1531 1302 1612 ‚ni-

200 1646 298 1705 tatur
327 1653 520 1726 eorumque
553 1641 800 1725 argumentum
832 1624 878 1695 ad
910 1621 1035 1695 verum
1065 1627 1159 1698 vitae
1192 1631 1302 1706 usum

200 1732 390 1807 transferre
407 1731 546 1829 cupiat,
578 1742 770 1825 utrumque
791 1740 910 1797 autem
929 1751 996 1825 pro
1018 1726 1161 1799 illorum
1181 1730 1318 1803 libro-¹

199 1860 283 1909 rum
298 1831 435 1904 diversa
458 1829 594 1922 indole,
627 1828 765 1928 saepius
780 1826 947 1918 obscura,
974 1829 1038 1899 nili
1055 1828 1218 1903 adhibito
1235 1858 1300 1905 ra-

199 1936 308 2009 tionis
323 1934 388 2005 nsu
405 1932 560 2003 obtineri
575 1946 747 2030 nequeat,
780 1930 853 2001 iam
875 1930 922 1999 ab
944 1930 1048 2001 initio
1071 1932 1299 2005 resirrmatio-

199 2038 257 2111 uis
280 2034 439 2107 ecelesiae
467 2034 594 2133 primis
620 2034 695 2105 eius
725 2031 930 2103 auctoribus
952 2029 1013 2103 hic
1036 2033 1184 2105 rationis
1211 2036 1297 2107 ulus

181 2136 470 2228 volivet-saliatur,
512 2134 600 2207 adeo
624 2150 665 2205 nt
691 2136 727 2205 in
750 2133 826 2232 ipsa
850 2134 1029 2234 siu-rorum
1051 2135 1297 2209 ernerrdatioue

198 2237 446 2312 Rationalismi
474 2238 634 2337 germina
663 2232 973 2335 deprehendantur
993 2232 1044 2333 ¹),
1083 2237 1148 2333 qui
1175 2252 1296 2311 tamen

196 2367 271 2415 non
293 2341 356 2411 nili
378 2339 623 2440 progrediente
647 2337 915 2438 disciplinarum
939 2336 1054 2427 cultu,
1088 2339 1191 2438 plene
1210 2340 1294 2413 satis

196 2442 375 2543 explicari
390 2467 431 2515 ac
446 2434 588 2513 deliniri
604 2454 753 2540 poterat.
1213 2453 1215 2458 '

240 2710 243 2717 ⁴
299 2644 477 2740 Religioni
497 2644 693 2734 lmlaicae,
713 2638 867 2715 molestis
885 2640 1101 2741 quilmsdam
1119 2641 1295 2715 caerimo-

196 2747 268 2821 niis
292 2760 325 2817 et
350 2748 560 2844 opinionum
587 2744 768 2817 errorilms
797 2771 880 2817 cum
910 2746 1116 2843 paganismo
1143 2746 1292 2844 propius

161 2868 185 2895 ⁴*
195 2847 424 2937 coniunctae,
469 2874 533 2919 nec
566 2848 629 2919 nisi
660 2846 746 2942 legis
777 2846 1002 2944 impersectae
1034 2846 1292 2918 institutionem

178 2948 398 3023 cumcuim
414 2948 481 3019 Dei
501 2962 649 3019 externo
670 2974 786 3044 (suisne
804 2946 995 3018 arbitrario
1010 2944 1045 3044 l)
1064 2950 1292 3021 coniunctam

195 3048 403 3139 exhibenti,
444 3048 641 3121 Christiana
669 3064 764 3120 recte
792 3051 948 3149 expolita
978 3053 1130 3149 praestat
1156 3052 1290 3149 partim

195 3166 341 3252 propter
373 3164 619 3249 argmrnentnm
653 3152 814 3221 omnium
845 3150 1053 3241 hominum,
1098 3151 1290 3224 cultiorum

193 3254 325 3343 etiam,
371 3253 550 3325 desideriis
583 3252 695 3347 magis
733 3252 939 3351 aulaptatum
970 3249 1075 3348 (Gal.
1102 3261 1136 3343 4,
1164 3268 1286 3327 1-7,

194 3355 311 3431 ecoe.
330 3368 364 3444 8,
383 3352 552 3452 4-1),
586 3370 620 3425 et
642 3352 860 3427 institutione
881 3353 967 3452 legis
988 3355 1131 3426 litoralis
1154 3355 1287 3426 culms·

191 3484 262 3556 que
276 3457 345 3529 Dei
358 3458 490 3529 interni
505 3472 609 3556 atque
626 3451 817 3559 spiritualis
833 3452 981 3553 (llattlr.
1000 3469 1032 3546 6,
1047 3470 1089 3531 17
1107 3452 1143 3526 ss.
1173 3470 1207 3545 7,
1226 3471 1284 3531 21.

196 3570 329 3651 taso.
372 3558 536 3649 sumto,
556 3571 600 3634 25
617 3556 653 3631 ss.
694 3560 743 3630 10.
762 3567 796 3650 4,
819 3574 863 3633 28
886 3556 921 3630 ss.
960 3556 1117 3656 15,14.)
1141 3558 1285 3657 insigne,

189 3662 323 3762 partim
354 3676 500 3761 propter
530 3662 638 3733 finem
670 3660 714 3733 ad
745 3687 866 3732 orienes
894 3657 1056 3731 homines
1090 3661 1285 3734 edocendos

187 3764 496 3863 emendandosque
519 3762 732 3862 spectantem
750 3760 786 3859 ¹)
815 3759 964 3859 (alardi.
985 3777 1042 3852 28,
1065 3778 1121 3837 19.
1152 3778 1210 3838 20.
1229 3758 1283 3852 ’8,

192 3880 249 3941 11.
271 3881 328 3941 ta,
362 3868 409 3937 lu.
432 3879 564 3956 10,1o.
600 3868 704 3937 Rom.
725 3880 756 3954 1,
778 3861 909 3959 1311).
963 3865 1286 3954 (111111115116118111-

186 3967 334 4041 tellectis
350 3983 488 4039 aeterna
506 3968 580 4039 eius
596 3968 748 4055 utilitas,
777 3983 950 4064 (parmenus
975 3966 1103 4040 scilicet
1125 3992 1208 4037 vere
1228 3965 1284 4037 di-

185 4070 285 4141 vinas
303 4071 458 4143 coritinet
476 4070 653 4141 electrinas
673 4086 708 4141 et
723 4068 935 4161 stbolieas
953 4064 996 4165 ¹¹¹)
1020 4094 1141 4140 earum
1158 4068 1285 4139 adum-

184 4166 364 4243 brationes
390 4170 742 4247 onmilmsontnium
762 4186 964 4270 temporum
985 4171 1194 4243 nominibus
1223 4194 1284 4241 ac-

1184 4294 1283 4342 eorre-
