2792 4759
419 1144 993 1237 PRAEFATIO.

151 1570 211 1715 In
227 1638 432 1717 adornando
449 1662 580 1742 quarta
594 1643 705 1719 huius
719 1643 808 1719 libri
822 1642 1000 1742 editione,
1022 1645 1124 1719 nntni
1135 1642 1253 1720 studio

152 1758 359 1855 elaboravi,
399 1776 441 1835 ut
468 1788 552 1837 eum
578 1762 767 1839 doctorum
792 1764 955 1838 virorum
981 1756 1252 1865 approbatione,
1338 1836 1352 1867 ··.

20 1904 21 1907 ’
151 1900 263 1975 quum
285 1878 320 1950 ei
338 1875 526 1981 hucusque
546 1878 727 1981 contigiiie
746 1880 875 1977 laetor,
906 1880 1108 1983 digniorem
1126 1878 1254 1954 nedde-

151 2020 249 2087 rem‚
284 1992 551 2097 efficeremque,
591 2012 632 2071 ut
655 1997 703 2071 ab
723 2022 785 2091 en,
819 2023 929 2098 quam
949 1998 1070 2073 animo
1090 1996 1254 2071 intende

150 2136 249 2204 rom,
280 2113 498 2213 perfectione
518 2116 668 2217 propius
690 2114 832 2192 nbeffet.
883 2118 1008 2219 Itaque
1028 2117 1145 2191 denuo
1168 2100 1254 2190 diliss

148 2245 274 2329 genter
295 2232 490 2334 perpendi,
528 2258 621 2333 quoe
645 2233 837 2334 prudentes
858 2234 1048 2313 divinioris
1069 2235 1255 2310 doctrinae

148 2347 428 2443 existimatores,
461 2364 496 2425 et
514 2351 580 2451 ipsi
598 2374 742 2450 quoque
763 2350 956 2426 adversarii
974 2352 1172 2447 systematis
1187 2353 1254 2427 do*

149 2468 291 2541 otrinne
312 2471 465 2568 purioris
489 2471 529 2543 in
553 2468 625 2545 hoc
650 2470 746 2543 libro
770 2470 941 2569 expoliti,
981 2466 1082 2542 haud
1104 2469 1252 2567 quidem

150 2586 298 2659 omnino
323 2612 494 2660 memores
524 2592 583 2661 τοῦ
613 2580 777 2673 Μηίων
805 2593 837 2659 ἐν
867 2583 998 2689 ἰγᾶπῃ,
1040 2609 1125 2659 cum
1150 2582 1253 2680 alibi,

148 2719 227 2779 tum
249 2706 289 2777 in
312 2702 468 2779 censuris
491 2702 650 2777 eiusdem
672 2698 903 2795 monuiffent3
937 2699 1251 2803 eorumque'huno
1275 2743 1278 2752 ·

148 2826 325 2899 rationem
341 2820 474 2916 hebui,
500 2836 560 2915 ut,
587 2834 762 2921 quantum
774 2846 841 2921 per
854 2817 1059 2893 universum
1072 2820 1149 2893 eius
1162 2844 1278 2893 con·⁴¹

146 2945 264 3017 filium
292 2940 579 3040 fingulnrnmque
607 2939 767 3039 partium
788 2934 995 3011 consensum
1020 2937 1102 3011 fieri
1127 2932 1249 3037 podet,

144 3063 192 3136 iis
213 3074 333 3133 uterer
353 3058 393 3131 in
414 3054 660 3157 compluribus
677 3053 767 3127 locis
785 3052 845 3152 vel
860 3054 1078 3153 corrigendis
1096 3054 1155 3128 vel
1171 3079 1250 3128 um-
1274 3099 1280 3107 ·

144 3174 376 3281 pliiicnndis,
402 3172 511 3264 adeo,
543 3187 584 3245 ut
605 3169 750 3268 singulis
772 3168 847 3245 fere
875 3171 1017 3270 paginis
1043 3169 1102 3244 rel
1125 3170 1276 3246 addito·

146 3294 323 3397 quaedam
344 3290 429 3383 fint,
459 3290 518 3363 vel
532 3304 634 3361 antea
649 3287 781 3388 scripta
802 3286 977 3387 copiofius
994 3286 1168 3363 illustrata
1188 3288 1248 3367 vel

146 3410 312 3487 adversus
332 3406 572 3481 dubitationes
589 3406 741 3477 firmato.
794 3402 874 3495 Quo
897 3404 937 3476 in
958 3405 1246 3505 negotio'fotenr,

145 3558 203 3606 me
229 3530 365 3605 leviora
394 3526 569 3627 quemdam
597 3550 722 3598 eorum
749 3522 886 3597 iudicia
914 3517 1015 3596 hond
1044 3522 1245 3628 respexiiie,

144 3649 230 3751 qui,
261 3661 324 3721 out
344 3644 434 3746 quid
455 3650 521 3745 pir
542 3642 679 3717 nostrae
701 3643 825 3716 aetatis
844 3643 1000 3717 rationes
1022 3670 1043 3717 n
1064 3646 1246 3720 breviario

141 3766 340 3864 theologiae
365 3762 586 3864 dogmaticae
615 3761 834 3863 postuletur,
873 3759 972 3837 houd
999 3764 1083 3837 iotis
1112 3764 1246 3841 intelli-

141 3896 248 3983 gant,
289 3896 350 3954 nnt
372 3882 411 3969 in
432 3880 583 3953 decretis
610 3880 655 3953 de
680 3881 791 3955 variis
815 3879 999 3955 doctrinae
1021 3878 1244 3960 Christianae

139 3998 304 4102 portibus
330 4024 461 4098 parum
483 3996 550 4069 fibi
572 3995 750 4090 constent,
787 4011 850 4069 eut
872 3996 1068 4070 dialecticis
1090 4000 1243 4100 quibus·
1274 4045 1278 4050 ·

139 4118 223 4199 dom
238 4114 390 4221 argutiis
412 4128 447 4187 et
466 4110 607 4215 ipinoio
630 4110 820 4195 differendi
839 4138 967 4214 genere
984 4116 1106 4191 omnin
1124 4117 1245 4223 perse-j
