2792 4759
204 375 276 446 602
373 389 377 396 “
445 373 542 442 Para
563 371 635 440 ΙΙΙ.
684 369 773 461 Gap.
798 366 869 438 IV·
914 359 1066 461 §.1⁷51
1120 407 1122 412 ·

234 543 262 607 a)
278 537 424 594 l’laack
440 540 484 596 ila.
501 541 535 596 t.
555 557 579 596 ι.
597 539 675 602 aaa.
694 539 791 622 aralll'.

229 644 268 714 j]
287 646 480 703 Lutherua
496 648 641 704 unionem
652 643 897 702 sacramentalem
911 660 975 698 eam
990 643 1065 699 dixit
1084 643 1175 715 (Opp.
1192 643 1229 696 T.
1242 641 1313 696 xit.

271 747 351 802 ¹²95·
369 749 413 804 94.
433 733 662 801 attitulata),
681 749 740 806 qua
755 731 857 785 variae
871 745 925 799 per
938 731 965 783 lc
979 729 1061 802 pania
1074 737 1105 781 et
1119 724 1254 797 carparis
1269 725 1315 776 el.

269 815 381 871 [antiae
396 822 408 884 (
416 819 529 886 Wesen)
545 817 588 872 ita
602 815 824 888 coniunguntur
836 810 985 881 invicem,
1009 823 1043 866 ut
1057 811 1140 866 fimul
1154 809 1212 862 dici
1226 818 1314 860 recte

268 912 376 972 queat,
394 901 500 955 carini
512 918 622 972 corpua
635 899 699 969 edi,
717 899 852 953 dentibus
864 897 995 965 conteri,
1013 897 1145 950 saucibus
1159 892 1314 964 deglutiri,

270 1004 370 1060 nequa
386 997 486 1044 tamen
500 989 566 1061 quia
579 989 658 1043 idam
671 1003 778 1060 corpua
792 985 892 1038 videre
905 992 956 1038 aut
970 999 1060 1038 manu
1073 981 1203 1052 arripere
1217 977 1314 1048 poffit.

270 1065 433 1129 Ci'Pann.
447 1075 538 1127 Cana.
554 1073 611 1144 Ep.
627 1075 693 1126 vn.
717 1073 778 1126 600.
822 1069 1020 1135 Calvinus,
1044 1067 1128 1120 cniua
1146 1061 1316 1118 sententiae

271 1148 490 1230 adstipulantur
503 1158 630 1214 Articuli
643 1155 818 1232 Anglicani,
836 1157 980 1210 Conieflia
995 1156 1128 1221 Gallica,
1144 1151 1267 1221 Belgica
1284 1159 1314 1202 et

268 1245 554 1319 Brandauliurgica‚
577 1247 717 1302 unionem
732 1247 807 1301 saar.
820 1257 881 1299 nan
894 1241 931 1297 atl
943 1258 1047 1296 veram
1066 1241 1158 1294 relect
1177 1234 1315 1307 carparia

270 1330 383 1386 currui
398 1349 468 1386 cum
479 1350 557 1404 pana
571 1329 833 1398 coniunctionem
856 1328 905 1382 iad
922 1325 1140 1382 atl'efficaeiam
1158 1326 1257 1395 patina
1275 1321 1317 1373 il-

269 1416 332 1472 lam
348 1419 514 1490 mysticam,
539 1437 628 1492 quam
641 1419 675 1472 in
688 1435 797 1490 panem
810 1417 938 1483 exierat,
961 1421 995 1466 ut
1010 1429 1045 1465 eo
1061 1409 1179 1464 animae
1196 1409 1316 1460 nailrae

269 1501 446 1558 nutriantur
463 1504 499 1558 ad
517 1499 609 1556 vitam
628 1512 792 1557 aeternam.
828 1497 920 1554 lultit.
933 1497 1005 1550 Chr.
1020 1495 1106 1564 relig.
1123 1493 1144 1546 1.
1157 1493 1207 1546 Ili.
1228 1509 1255 1544 c.
1270 1508 1315 1561 ιγ.

271 1581 327 1638 iol.
342 1595 407 1657 489.
422 1594 452 1642 et
466 1599 528 1658 495.
552 1587 605 1641 Ed.
622 1588 734 1640 Genea.
753 1600 828 1654 ¹59²·
870 1579 1099 1648 Zwinglina,
1124 1576 1209 1630 cuius
1228 1575 1317 1629 tolii-

250 1670 254 1681 '
273 1670 325 1742 gia
340 1671 451 1742 pr'emit
466 1671 672 1726 Gatechiamua
684 1666 938 1736 Heidelbergenlia
952 1673 981 1717 et
995 1681 1031 1716 ex
1045 1671 1128 1732 parte
1140 1659 1227 1714 eant.
1243 1659 1326 1714 Hel„

272 1755 388 1822 vetica,
406 1755 674 1823 sacramentaliter,
691 1753 840 1824 inquiam,
859 1749 959 1818 edere,
977 1747 1056 1802 aliud
1068 1748 1122 1800 elia
1133 1761 1193 1798 non
1206 1745 1317 1815 potest,

272 1854 364 1910 quom
376 1839 489 1912 iignum
503 1851 554 1895 aut
568 1839 735 1907 symbolum
748 1837 835 1890 edera
851 1836 939 1904 (Opp.
960 1835 999 1889 Π.
1018 1834 1040 1887 f.
1058 1835 1149 1901 t15.),
1168 1831 1316 1886 unionem

270 1921 395 1977 [acram.
411 1941 476 1976 eam
490 1923 651 1994 intelligit,
669 1938 727 1994 qua
741 1921 799 1972 fida
814 1921 911 1972 nostra
925 1935 993 1971 cum
1005 1917 1073 1969 Chr.
1089 1915 1314 1985 coniungimur,

270 2019 329 2076 pro
343 2003 497 2057 beneficiio
512 2014 684 2075 morteque,
702 2019 790 2073 quam
804 2017 858 2072 pro
873 1999 968 2055 ialute
983 1999 1080 2052 nallra
1094 1999 1246 2068 perpallua
1262 2000 1314 2066 est,

272 2087 406 2158 gratiam
418 2087 473 2160 ipii
487 2090 660 2145 referentea.
684 2086 760 2142 thid.
778 2095 840 2156 58a.
858 2101 919 2154 43¹·
962 2081 1157 2152 Zarin-gli’a
1174 2084 1311 2150 setaenmtl.

274 2165 425 2242 Schriften
440 2175 479 2226 im
491 2175 630 2242 Ausuaga.
656 2167 801 2239 Harbusg.
815 2188 843 2225 v.
858 2171 893 2223 L.
909 2169 1025 2223 Usteri
1044 2187 1071 2221 ιι.
1089 2169 1118 2223 8.
1135 2168 1312 2238 vagella.

272 2255 353 2312 Voll.
366 2259 409 2312 11.
434 2257 555 2312 Ziirich.
572 2267 647 2320 asro.
669 2259 754 2327 1571·
779 2283 816 2298 ·-·
856 2253 1145 2324 omnipraesentium
1164 2252 1216 2305 alii
1234 2253 1312 2306 rela-

274 2343 384 2410 tivam,
400 2341 455 2396 alii
469 2343 632 2410 absolutam
643 2342 864 2411 (ubiquitatem)
878 2337 1030 2406 dixerunt,
1048 2337 1125 2392 unde
1136 2337 1226 2392 ierim
1240 2354 1314 2407 pro-

274 2425 337 2480 diit
351 2426 549 2481 coutroaeriia
562 2426 761 2496 ubipuin’jliaa
776 2423 865 2478 dicta.
900 2423 1153 2491 Baumgartan
1168 2420 1266 2488 Gesab.
1280 2423 1312 2477 d.

274 2509 530 2581 Religiantpartb.
552 2527 618 2579 ιιο5
632 2510 665 2563 ff.
700 2507 842 2563 Plautia
859 2509 893 2562 V.
918 2523 943 2561 t.
969 2507 1018 2561 206
1032 2508 1064 2562 Π.
1091 2521 1138 2576 ι55
1152 2507 1186 2562 ll'.
1209 2523 1259 2578 apo
1274 2510 1311 2562 Π.

273 2594 339 2650 Ean
353 2596 446 2649 ncltri
463 2596 657 2649 demonstrare
671 2593 771 2648 conati
786 2595 870 2661 funt,
888 2591 1163 2662 omnipraesentiam
1176 2595 1311 2662 carporia

276 2678 388 2733 carini
402 2679 461 2733 fiae
474 2677 664 2749 expanfiaaa,
686 2677 855 2731 extenliana
868 2685 898 2730 et
910 2676 1064 2730 diffulioua
1083 2675 1211 2746 cogitari
1227 2679 1308 2747 palie

276 2771 310 2816 at
321 2761 446 2833 debaro,
463 2763 523 2817 tid.
538 2765 653 2817 Cotta
670 2763 707 2816 ad
722 2761 896 2829 Gerlaard
910 2763 947 2816 L.
960 2762 1006 2815 th.
1025 2764 1081 2817 111.
1100 2769 1162 2832 548.
1181 2764 1215 2816 X.
1235 2773 1308 2833 isa„

271 2846 388 2916 negari
402 2858 501 2902 tamea
517 2847 639 2917 nequit,
661 2844 861 2917 ubiquitatem
874 2848 895 2900 i.
910 2845 1039 2918 omnipr.
1053 2849 1189 2920 corporis
1200 2849 1310 2904 ebrini

272 2927 405 2984 localem
422 2930 458 2985 in
475 2929 602 2985 Lutheri
620 2929 870 3001 disputationibus
891 2931 943 3000 (ci.
964 2931 1045 3004 Apol.
1062 2933 1148 2987 Cani.
1164 2937 1239 3005 Aug.
1257 2937 1309 2990 lv,

271 3027 356 3082 357..
378 3013 433 3068 nbi
446 3016 679 3085 Melanchthon,
700 3024 735 3070 ut
748 3018 830 3072 iuam
843 3017 977 3070 firmarat
990 3018 1181 3089 sententiam,
1200 3021 1235 3073 ad
1248 3022 1312 3074 llo-

273 3113 381 3154 manaa
394 3099 497 3154 eccles.
510 3101 664 3155 decretum
675 3100 712 3153 da
724 3101 870 3169 corporali
884 3103 1044 3170 praesentio
1058 3103 1127 3156 car.
1141 3102 1173 3157 in
1186 3123 1276 3159 auena
1287 3108 1312 3160 s.

274 3183 385 3239 aliiarte
400 3188 569 3255 provocat),
593 3195 624 3239 at
639 3185 762 3241 aabariua
779 3197 937 3242 tractatam
951 3205 968 3242 a
981 3190 1137 3245 Farmulae
1149 3193 1242 3248 Gonu.
1258 3211 1313 3248 au·

218 3324 222 3336 ,
274 3269 410 3325 ctoriltua
430 3269 523 3343 (Epir.
544 3275 600 3327 art.
619 3283 717 3330 contr.
741 3275 801 3329 600.
837 3275 896 3329 sol.
916 3277 1001 3333 Daoi.
1019 3293 1081 3350 751.
1099 3281 1143 3349 56.
1161 3288 1219 3352 59.)
1238 3301 1312 3337 aera

271 3357 414 3411 traditam
429 3358 504 3428 allo,
522 3375 557 3414 ao
569 3357 745 3431 potiffimum
760 3361 899 3432 aanlffia,
923 3373 957 3417 ut
971 3367 1182 3432 impanationis
1195 3379 1224 3422 et
1238 3385 1312 3422 aon·

264 3431 527 3508 substantioaionis
543 3445 755 3516 obprobrium,
775 3447 812 3500 ab
826 3447 1000 3502 adversariis
1015 3449 1160 3506 formulae
1173 3451 1310 3520 ipsarum

273 3525 358 3580 haud
369 3523 473 3581 iniulta
483 3529 650 3599 inflictum,
666 3529 854 3601 repellerent.
892 3533 1012 3586 Monuit
1024 3545 1128 3588 cantra
1140 3535 1312 3589 Garhar-

271 3613 341 3667 alua
358 3613 393 3667 Ι..
408 3613 452 3668 th·
473 3615 511 3669 Χ.
536 3617 615 3686 ι65.,
640 3617 977 3690 consubstantiationem,
1001 3619 1110 3692 quippe
1127 3635 1202 3691 quaa
1222 3619 1311 3673 laca-

273 3699 336 3754 lem
347 3697 474 3753 (luorum
489 3717 647 3773 corporum
659 3701 910 3771 coniunctionem,
926 3703 1075 3759 interdum
1086 3711 1184 3758 autem
1198 3701 1311 3758 utrina·

272 3803 333 3861 qne
347 3786 485 3858 corporia
497 3789 742 3846 commixtionem
753 3789 890 3857 denotet,
913 3807 970 3860 qna
988 3790 1074 3861 panio
1092 3805 1161 3844 cura
1179 3805 1310 3860 corpora

271 3883 304 3928 et
316 3873 420 3927 viuum
433 3889 503 3927 cuna
516 3875 660 3946 sanguine
677 3876 711 3931 in
728 3891 816 3930 unam
835 3876 1022 3930 iubliautiam
1037 3879 1058 3931 i.
1073 3877 1195 3932 maliana
1211 3876 1310 3930 caala-

272 3959 356 4012 lcara
368 3956 506 4030 lingitur,
522 3958 553 4012 in
567 3968 674 4015 neutra
686 3959 894 4032 fignificatiana
907 3961 944 4013 ab
957 3961 1075 4016 ecclelia
1089 3964 1184 4016 ltatui.
1219 3963 1309 4032 „Non

272 4045 314 4097 eit
328 4045 441 4114 statim,
464 4042 580 4116 inquit,
604 4043 881 4111 consubstantiatio,
905 4045 1021 4116 quanda
1038 4045 1115 4100 duae
1129 4047 1307 4102 substantiae

272 4129 327 4186 iiiii
345 4131 417 4188 tuat
436 4135 622 4204 praesentet,
647 4130 834 4204 [anquando
854 4129 929 4186 duaa
947 4131 1125 4187 substantiae
1144 4135 1259 4204 pbyjiao
1279 4143 1310 4188 et

271 4218 407 4270 accurata·
427 4219 699 4290 modattaoeaifiant.
742 4217 844 4288 Ablraa
865 4217 998 4276 caelestia
1019 4223 1049 4270 at
1068 4233 1117 4271 rea
1139 4226 1257 4272 terrena
1277 4216 1309 4272 in
