2792 4759
362 425 367 434 ,
432 385 440 402 ·
497 370 505 401 “·
549 343 608 430 De
630 355 779 448 nctsfia,
940 375 943 386 ·
988 376 991 384 ·
1132 357 1211 435 m

105 487 456 604 administrationem
474 527 661 628 utriusque
680 529 786 629 longe
805 506 942 604 diversa
962 524 1048 624 else,
1073 528 1143 624 tn,
1168 544 1214 606 ut

111 631 214 704 nullo
235 629 344 703 modo
367 654 440 702 una
465 654 548 704 cum
569 630 678 702 altera
700 631 892 706 coalescere
916 632 1053 706 debeat.
1109 633 1215 708 Hine

111 758 231 833 nuper
246 729 432 804 studiosius
446 731 660 830 quaesitum,
685 759 757 832 quo
771 748 876 834 paeto
896 735 975 806 iura
996 739 1216 829 collegialiof‘

105 860 210 934 quae
223 833 270 905 ad
286 858 511 906 communem
524 833 685 907 ecclesiae
704 835 812 908 finem
829 835 1062 910 obtinendum
1077 852 1214 937 etpro*

112 935 334 1020 movendum
352 935 498 1035 proprie
519 933 703 1009 reserenda
723 937 791 1008 lint
812 931 865 1032 (§.
884 935 1009 1034 me),
1045 939 1214 1039 inpnmis

113 1040 174 1113 ius
190 1038 429 1130 reformandi,
460 1050 496 1108 et
512 1059 604 1135 quae
623 1035 708 1109 inde
729 1062 752 1109 a
770 1039 1019 1112 reformatione
1032 1035 1213 1115 sacrorum

108 1165 226 1241 ‚penes
240 1136 395 1210 summos
410 1139 623 1236 imperantes
636 1136 799 1231 suenmt,
826 1139 987 1213 ecelesiae
1004 1139 1071 1242 ipsi
1093 1142 1213 1214 denuo
1303 1141 1312 1156 ⁸

116 1239 255 1315 restitui
280 1239 411 1340 possint
438 1263 480 1312 ac
509 1237 673 1312 debeant.
733 1238 832 1333 Quae
859 1267 973 1340 quum
999 1267 1044 1314 ne
1069 1242 1124 1316 ari
1151 1269 1216 1316 ne-

112 1356 246 1444 queat,
265 1340 425 1414 eccleliae
439 1339 643 1439 primitivae
655 1367 738 1414 vere
752 1343 898 1442 propria
911 1337 1011 1416 fuisse
1027 1269 1079 1440 (s.
1095 1342 1214 1442 tea),

117 1445 314 1542 eademque
340 1440 526 1534 ecclesiae,
565 1455 736 1541 tanquam
763 1439 921 1516 societati
949 1445 996 1516 in
1016 1443 1094 1545 ipsa
1120 1445 1214 1520 civi-

119 1561 193 1621 tate
220 1547 290 1622 rite
320 1536 549 1636 constitutae,
590 1544 735 1618 omnino
767 1542 917 1638 deberi3
964 1572 1078 1646 quum
1110 1572 1217 1647 prae·
1346 1598 1349 1608 Α

113 1665 216 1732 ¹terea
246 1643 397 1720 historia
426 1643 553 1718 doceat
565 1699 577 1736 ,
616 1645 698 1718 iura
728 1643 795 1718 ista
827 1646 1024 1746 collegialia
1056 1663 1127 1723 tem

117 1748 374 1824 emendationis
404 1745 586 1820 sacrorum
613 1745 672 1818 vel
701 1761 832 1820 temere
862 1763 1035 1850 occupata
1064 1667 1217 1824 stiffi

114 1849 344 1954 principibus
357 1846 650 1942 Protestantmus,
674 1847 733 1921 rel
749 1849 980 1948 persingulas
995 1864 1133 1925 tantum
1148 1851 1216 1924 do*

120 1969 236 2031 ctores
261 1950 448 2024 ordinesve
476 1946 711 2050 provinciales
742 1949 789 2022 ad
819 1948 973 2024 summos
998 1954 1050 2025 im
1066 1959 1215 2028 'erentes

121 2054 246 2156 sponte
259 2052 392 2126 delata:
425 2052 500 2124 iam
513 2051 579 2151 ipsi
595 2053 776 2152 principes
790 2049 1033 2154 sapientissimi
1047 1979 1093 2132 se
1105 2054 1165 2128 via
1179 2069 1216 2130 et

122 2157 260 2230 ratione
274 2155 492 2252 cogitarunt,
517 2154 598 2226 iura
611 2153 692 2246 illa,
717 2169 892 2252 quantum
909 2177 974 2254 per
986 2157 1157 2256 temporis
1171 2179 1215 2230 ac

119 2257 338 2358 reipublicae
364 2255 521 2329 rationes
544 2254 624 2328 sieri
648 2271 776 2354 queat,
813 2253 975 2329 ecclesiae
996 2257 1224 2331 restituendis
1324 2312 1326 2330 ι

123 2359 231 2455 Quod
250 2373 291 2431 ut
312 2355 500 2430 commode
520 2351 712 2448 efficiatur,
750 2353 910 2430 ecclesiae
932 2355 1217 2432 constitutionem

122 2477 161 2537 et
181 2457 520 2546 administrationem
539 2457 587 2530 ad
606 2482 770 2530 normam
791 2471 923 2532 certam
944 2461 1217 2552 repraesentati-:-

117 2591 208 2638 ¹eam
228 2559 444 2637 conformari
464 2557 594 2632 debere
615 2574 711 2634 recte
730 2553 948 2634 intellectum
971 2557 1038 2652 est,
1072 2560 1142 2653 ita,
1168 2572 1219 2654 ut

170 2663 354 2763 rfingulos
364 2657 580 2760 singulorum
591 2675 756 2734 coetuum
768 2659 880 2735 socios
892 2665 1218 2756 Presbyterineon-
1278 2715 1279 2720 ,

159 2769 333 2856 tuantur,
366 2776 506 2863 praeter
525 2762 629 2835 veriti
643 2762 758 2835 divini
776 2761 953 2836 ministros
968 2765 1067 2837 viros
1081 2763 1220 2864 aliquot

123 2866 295 2970 sapientia
309 2859 508 2940 Christiana
527 2863 695 2964 insignes,
729 2889 751 2938 a
766 2864 914 2965 reliquis
928 2865 1087 2940 eiusdem
1099 2875 1220 2940 coetus

125 2969 306 3046 sodalibus
333 2965 512 3065 eligendos
531 2963 587 3062 ⁵),
628 2965 919 3066 complectentia,
945 2983 1061 3068 atque
1082 2970 1219 3064 synodi

126 3069 277 3148 subinde
289 3082 526 3142 convocentur
540 3092 611 3139 non
623 3065 736 3138 solum
750 3067 959 3142 clericorum
979 3085 1014 3142 et
1035 3067 1221 3168 theologo«

126 3166 516 3260 rumitoctiffimorum
541 3165 601 3241 sed
616 3169 940 3262 etiamLaicorum,
964 3169 1220 3269 quidicuutur,

71 3294 76 3299 ·
127 3300 151 3348 a
172 3270 406 3366 Presbyteriis
426 3267 719 3370 delegandorum,
759 3271 893 3369 quide
920 3271 1029 3343 salute
1057 3267 1222 3347 ecclesiae

126 3371 322 3452 consulant.
370 3371 429 3447 Ex
444 3369 503 3446 his
516 3371 659 3466 synodis
673 3371 826 3470 denique
841 3371 1027 3472 deligenda
1042 3387 1077 3447 et
1091 3371 1223 3448 cousti-

122 3469 263 3554 tuenda
281 3475 397 3548 forent
418 3474 565 3573 collegia
581 3498 622 3547 ea
639 3472 866 3547 ecclesiastica
875 3530 886 3566 ‚
917 3501 937 3547 e
955 3476 1044 3548 viris
1061 3475 1223 3550 ecclelia-

127 3575 226 3653 stieis
239 3591 275 3650 et
287 3575 389 3649 laicis
404 3573 504 3672 (Act.
517 3585 575 3669 1⁶,
592 3573 676 3673 22.)
689 3575 895 3676 composita,
922 3601 1014 3677 (puae
1027 3592 1163 3652 tutante
1178 3597 1222 3649 aa

130 3680 335 3752 moderante
355 3678 519 3779 principe
541 3677 585 3750 de
605 3677 713 3750 rebus
732 3675 984 3772 ecclesiasticis,
1012 3693 1119 3780 prout
1137 3701 1224 3780 pro*

130 3776 260 3880 grelsm
274 3780 314 3852 in
328 3779 523 3853 excolenda
537 3779 674 3851 ratione
687 3794 851 3880 recteque
864 3779 1055 3873 iudicando
1070 3779 1225 3879 scriptu·-

130 3907 192 3956 rae
206 3881 232 3956 s.
248 3881 313 3954 usu
329 3881 416 3955 facti
431 3879 702 3981 postulaverint,
736 3879 946 3980 cognoscant
961 3875 995 3954 et
1008 3879 1165 3954 consulta
1180 3905 1225 3954 ac

128 3984 271 4061 decreta
283 3983 365 4076 sua,
390 4010 434 4056 ne
449 4007 541 4056 nova
556 3980 947 4082 quaedamhierarchia
962 3982 1045 4055 inde
1063 3981 1223 4082 prodeat,

128 4087 290 4187 principi
309 4084 545 4185 approbanda·
559 4099 666 4184 atque
684 4083 906 4183 exsequenda
922 4085 1161 4157 transmittant
1172 4081 1222 4180 '‘).

128 4189 310 4288 Exipfius
322 4185 663 4261 eccleliaeuatura‘et
672 4185 860 4262 luculentis
871 4184 1066 4288 scripturae
1077 4185 1106 4263 s.·
1115 4209 1226 4288 praef
1250 4257 1252 4269 ,
