2792 4759
213 339 286 410 49⁸
445 333 545 406 Pan
567 333 640 404 111.
663 351 667 357 ·
692 331 780 426 Cap.
804 330 875 402 JV.
923 323 1069 426 §.175.

127 475 132 483 .
181 521 185 527 ·
281 503 726 576 Br‘o‘rterungmnjieSmni.
752 501 1114 575 Weim.1825.p.55sl'.
1153 503 1241 556 Ueber
1260 503 1317 556 doe

207 625 224 634 ‚.
282 593 489 660 Zwongereebt
501 607 592 658 gelen
603 592 658 644 den
667 589 850 643 Beschtvnter
865 590 922 658 ans
931 589 1101 642 Reoelorion
1113 589 1191 660 jedes
1200 589 1319 642 Resolut-

207 708 211 716 ι
282 673 480 745 gebeimiffes
492 701 528 718 -·
545 675 600 729 mit
612 671 838 744 bfifflickficht
856 673 916 744 aas
929 673 976 728 die
990 671 1318 742 Geminsohe'z‘dlr'chker‘r

208 799 212 806 ·
285 757 566 817 woormoeiclm.
1007 801 1009 807 .

688 929 726 1034 ς.
755 943 838 1012 rra.

521 1071 1013 1144 Continuatioe

307 1219 524 1325 Disciplinae
537 1221 758 1322 evangelicae
772 1223 984 1298 instauratae
996 1235 1174 1314 auctores,
1191 1243 1321 1320 qnam-

213 1326 273 1400 vis
286 1326 326 1400 in
340 1324 594 1428 impugnandis
607 1325 880 1426 reficiendisque
893 1324 1162 1398 Pontificiorum
1178 1323 1322 1422 opinio-

217 1428 326 1500 nihus
347 1425 393 1500 da
414 1427 536 1502 calicia
557 1423 623 1500 usu
645 1425 746 1502 laicis
769 1427 975 1527 denegando
981 1483 993 1519 ,
1027 1426 1071 1499 do
1088 1425 1265 1498 sacrificio
1283 1424 1321 1494 in

218 1527 371 1606 coenas.
392 1527 530 1620 oblato,
562 1527 608 1600 de
629 1529 1017 1602 transsubstantiatione
1038 1543 1074 1600 ot
1095 1527 1191 1616 aliis,
1228 1549 1323 1623 quas

217 1630 422 1705 Concilium
435 1629 690 1703 Tridentinum
712 1630 830 1731 postea
852 1627 967 1704 ‹lenuo
986 1627 1158 1700 stabilivit
1169 1626 1224 1723 ⁰),
1261 1627 1325 1698 in-

216 1747 274 1805 ter
289 1731 324 1806 se
339 1733 585 1822 oonveniront,
611 1732 651 1803 in
665 1731 820 1804 diversas
838 1733 902 1831 ipsi
916 1747 1034 1803 tamen
1052 1728 1218 1800 alaierunt
1233 1751 1325 1828 par-

217 1847 271 1904 tes
287 1855 467 1930 novasque
488 1830 532 1903 de
548 1831 573 1904 s.
591 1857 700 1904 coena
716 1831 904 1904 sententias
922 1833 960 1902 in
977 1830 1137 1904 medium
1158 1827 1322 1928 protule-

216 1945 321 2024 runt,
353 1931 449 2004 unde
468 1931 692 2032 gravissimae
708 1949 853 2006 exortae
869 1933 950 2006 sunt
971 1931 1051 2006 lites
1072 1931 1112 2004 in
1131 1928 1242 2030 ipsius
1260 1955 1320 2002 ec-

216 2035 338 2110 elesiae
352 2033 575 2132 evangelicae
596 2033 693 2128 sinn,
720 2059 811 2134 quae
829 2034 990 2108 maxima
1009 2033 1084 2126 iili,
1108 2031 1197 2110 sicut
1212 2055 1319 2104 verae

214 2135 401 2233 religioni,
431 2134 644 2208 detrimenta
665 2137 860 2208 attulerunt
875 2134 923 2233 ὖ).
976 2134 1071 2207 Nam
1093 2158 1207 2233 (luunt
1224 2133 1320 2204 Ln-

216 2233 380 2310 therua
408 2235 642 2336 praesentiam
670 2239 830 2338 corporis
855 2251 891 2309 et
917 2235 1095 2334 sanguinis
1119 2232 1247 2307 Christi
1277 2234 1319 2304 in

217 2361 328 2412 coena
343 2335 442 2410 soem
458 2341 585 2408 realem
602 2336 750 2437 quidem
765 2352 800 2411 et
815 2335 1097 2429 substantialem,
1130 2357 1240 2434 neque
1259 2348 1319 2406 ta-

217 2465 301 2512 men
316 2445 537 2529 materialem
552 2435 798 2539 (physicam),
832 2437 1047 2514 credendam
1065 2437 1227 2538 quidem,
1254 2460 1319 2508 ne-

216 2566 290 2640 quo
316 2567 403 2614 vero
431 2539 700 2638 intelligendam
721 2545 1057 2637 (laypoplpfioam)
1083 2537 1253 2628 docuisset
1272 2535 1316 2633 θ),

217 2641 586 2735 Carolostadiuo,
628 2644 891 2744 Zwinglius
912 2644 1065 2742 eiusque
1093 2641 1224 2732 amici,
1264 2639 1317 2711 so-

208 2742 313 2816 ·elnsa
330 2744 429 2816 omni
445 2741 606 2836 mysterii
620 2744 772 2818 alicuius
792 2746 954 2836 notione,
980 2747 1219 2840 symbolicam
1236 2755 1316 2813 tan-

216 2858 295 2915 tum
318 2842 515 2917 statuerunt
540 2847 701 2948 corporis
730 2863 765 2919 et
789 2845 970 2944 sanguinis
994 2843 1127 2920 Christi
1153 2839 1318 2944 praeson-

92 2992 94 2996 ν
216 2945 324 3037 tiam,
356 2973 430 3020 non
449 2971 522 3018 una
542 2947 737 3048 eademque
756 2949 893 3022 ratione
914 2975 962 3021 ex
983 2945 1102 3020 verbis
1124 2943 1318 3018 institutio·

213 3046 273 3120 niz
293 3048 483 3146 repetitam
499 3045 554 3144 ⁸),
586 3066 622 3122 et
642 3049 713 3122 alii.
732 3075 754 3122 a
774 3050 901 3150 quovis
923 3047 1137 3149 praesentiae
1158 3061 1196 3120 et
1215 3069 1320 3122 man-

214 3147 418 3223 ducationis
438 3147 562 3241 oratis,
594 3148 755 3224 Lnthero
776 3149 965 3254 probatae,
996 3163 1200 3224 commento
1220 3173 1320 3222 moe-

215 3249 359 3341 dentes,
390 3249 479 3323 siout
501 3247 625 3350 Casp.
652 3251 1003 3346 Schwenkfeld,
1045 3249 1320 3350 mysticam‘ali-

215 3375 326 3450 quam
340 3351 500 3452 corporis
509 3348 642 3426 Christi
656 3355 941 3456 perceptionem,
967 3381 1040 3428 non
1054 3353 1119 3429 soli
1134 3351 1218 3428 huic
1230 3375 1320 3439 poe—

213 3477 282 3528 nae
310 3477 512 3547 annexam,
555 3451 788 3532 defenderunt
808 3455 853 3558 ε).
914 3457 995 3552 Quo
1021 3457 1115 3532 facto
1136 3449 1321 3534 Lutherus

214 3555 365 3656 eiusque
379 3553 566 3632 sectatores
578 3583 622 3631 eo
636 3557 765 3633 fortino
779 3574 1094 3661 propugnaverunt
1108 3581 1172 3658 pro
1183 3557 1321 3649 saara-

215 3663 365 3730 mentali
387 3683 429 3732 ao
454 3663 544 3730 reali
566 3660 714 3760 quidem
736 3663 895 3761 corporis
916 3678 953 3735 et
974 3660 1154 3762 sanguinis
1171 3653 1320 3746 Chrihi,

214 3761 263 3834 ab
283 3759 491 3834 infidelibus
514 3774 550 3833 et
570 3759 718 3860 indigne
741 3763 925 3836 utentibus
949 3765 1057 3836 etiam
1084 3757 1319 3864 percipiendi,

214 3863 347 3938 unione
381 3888 465 3936 cum
496 3886 590 3961 pane
621 3877 658 3936 et
682 3863 768 3937 vino
797 3866 836 3937 in
862 3863 1076 3938 eucharistia
1102 3858 1320 3950 exhibendo,

200 3990 324 4064 gquam
336 3963 545 4038 sententiam
556 3963 613 4038 vel
626 3967 877 4064 argnnrentisa
890 3967 1213 4048 conmunicatione
1226 3961 1321 4036 idio-

170 4094 172 4099 ·
210 4058 566 4164 matum(§.127.),
599 4067 767 4166 inprimis
793 4067 841 4142 oh
863 4069 1121 4170 omnipotentia
1144 4083 1181 4141 et
1192 4064 1322 4138 omni·
1382 4131 1383 4134 ,

139 4249 143 4254 ,
210 4166 411 4263 praesentia
423 4193 510 4243 oum
523 4165 682 4245 humano
695 4165 829 4260 Christi
849 4185 976 4250 natura
998 4169 1260 4249 oommunioato
1277 4161 1320 4262 s)
