2792 4759
180 377 229 440 76
372 367 636 460 Prolegomena.
689 365 805 459 Caput
829 368 899 472 Hs.
949 357 982 463 §.
1012 363 1084 440 22.ι

572 545 882 644 hnrurru·

218 729 293 804 nn
333 725 761 804 rnaonoarna
803 726 1235 827 noariarrena

307 841 589 898 SYSTEMATE
617 842 770 902 REGTE
798 843 1142 902 COMPONENDO·

662 1021 786 1127 §.aa

464 1187 713 1256 Summa
775 1171 986 1280 fidei.

178 1318 325 1459 Quum
344 1354 535 1429 recentiori
555 1367 686 1448 aetate,
712 1367 835 1428 atr-um
853 1351 1036 1452 religionis
1053 1353 1276 1428 Christianae

175 1454 392 1528 theoreticae
413 1454 574 1528 doctrina
599 1455 744 1529 omnino
773 1452 980 1555 disciplinae
1007 1453 1276 1560 philosophicae

174 1556 283 1630 modo
312 1569 347 1629 et
373 1570 447 1629 arte
474 1557 609 1656 exponi
635 1555 759 1657 poffit,
798 1572 833 1631 et
858 1557 1000 1629 cuinam
1023 1557 1203 1658 principio
1219 1565 1274 1630 'ac

174 1657 405 1730 fundamento
428 1671 522 1732 recte
549 1683 590 1732 ea
619 1657 812 1758 superstrui
834 1656 981 1752 debeat,
1017 1659 1210 1758 quaesitum
1236 1672 1272 1731 et

174 1759 278 1831 simul
299 1756 554 1834 difficillimum
573 1759 772 1836 iudicatum
793 1760 852 1851 lit,
879 1759 1113 1858 dogmaticas,
1139 1761 1272 1864 partim

173 1865 341 1958 la'storico
355 1873 391 1932 et
400 1865 574 1956 pofitiva,
606 1862 739 1962 partim
751 1864 997 1960 philosophica
1012 1861 1152 1936 decreta
1174 1887 1272 1934 com-

171 1961 377 2063 plectentis,
409 1961 559 2054 systema
578 1963 745 2039 omnibus
768 1965 924 2038 numeris
947 1961 1147 2038 absoluurm
1169 1959 1271 2034 effin-

170 2089 254 2164 gere
269 2061 323 2162 ·):
357 2062 397 2134 in
412 2088 454 2136 eo
469 2063 766 2163 acquiescendum
782 2062 847 2140 else
862 2063 1021 2158 videtur,
1047 2079 1089 2138 ut
1110 2066 1271 2138 notiones

171 2178 209 2239 et
232 2163 485 2266 propositiones
511 2165 687 2264 quaedam
715 2165 951 2256 universales,
991 2191 1012 2240 e
1034 2165 1137 2239 libris
1160 2163 1270 2239 sacris

171 2282 316 2361 erutae,
356 2262 445 2342 huic
476 2265 676 2367 theologiae
707 2268 804 2373 parti
836 2281 1006 2367 tanquam
1038 2265 1267 2338 fundamenta

170 2365 416 2473 supponantur
440 2383 476 2445 et
502 2367 696 2445 seeundum
727 2363 936 2445 methodum
959 2370 1198 2469 syntheticam
1231 2381 1268 2440 et

41 2554 46 2565 Ι
172 2460 390 2565 analyticam
406 2467 442 2573 t)
474 2485 569 2547 recte
602 2471 839 2574 explicentur.
897 2469 1153 2572 Propositiones
1185 2468 1268 2541 illae

168 2569 217 2646 ad
235 2597 347 2648 unam
366 2572 548 2675 quandam
567 2574 729 2649 revocari
747 2569 886 2676 pellunt
903 2570 1112 2648 senteutiam
1132 2573 1267 2672 prima-

167 2674 281 2765 ῐίοιιι,
315 2699 406 2773 quae
430 2674 646 2774 dogmatices
663 2672 882 2750 Christianae
902 2671 960 2748 vel
974 2675 1070 2767 fidei
1082 2676 1265 2767 summam

167 2773 229 2848 seu
242 2777 429 2868 summam
444 2781 666 2870 principiam
687 2780 871 2850 materiale
891 2780 1177 2869 (Hauptinlmlt)
1200 2801 1264 2847 ex-

168 2871 313 2968 hibeat,
339 2875 388 2949 ab
403 2877 668 2975 antiquioribus
685 2876 832 2980 quidem
849 2875 1010 2950 ecclesiae
1026 2901 1148 2976 evang.
1165 2873 1267 2948 theo-

148 3022 151 3027 ·
168 2976 260 3076 logis
280 2976 440 3052 nondum
463 2977 677 3076 quaesitum,
710 3002 732 3052 a
749 2977 1007 3052 recentioribus
1025 2977 1104 3050 aliis
1121 2977 1189 3050 alia
1207 3001 1268 3048 ra-

168 3078 265 3153 tione
307 3080 500 3182 ropolitum
514 3077 560 3179 ε).
613 3077 737 3172 Quod,
763 3079 851 3155 fiad
867 3079 1026 3153 ecclesiae
1043 3078 1266 3178 evangelicae

167 3177 262 3254 sarm
301 3206 359 3252 am
377 3181 417 3255 in
435 3179 539 3256 libris
555 3177 761 3274 symbolicis
776 3177 972 3281 expressam
990 3179 1263 3271 accommodate,

166 3282 420 3356 continuatum
442 3281 571 3376 suerit,
604 3283 655 3356 ita
676 3279 712 3358 se
735 3279 867 3358 habet:
898 3285 996 3356 Deae
1018 3287 1178 3354 trinunaa
1198 3309 1266 3375 ge-

167 3387 243 3457 neri
259 3387 411 3458 stantano
425 3413 493 3480 per
506 3400 693 3481 peccatam
706 3388 856 3480 originin
867 3389 1010 3480 penitae
1025 3389 1213 3476 depravato
1230 3397 1264 3453 et

166 3487 334 3581 miseriae
356 3502 516 3559 aeternae
540 3489 685 3560 obnoxio
708 3514 775 3582 per
797 3488 916 3580 Iesum
940 3490 1021 3556 Chr.
1047 3484 1262 3582 θεᾶνθρωπον,

166 3604 279 3663 marte
295 3593 494 3685 expiatoria
509 3591 733 3682 defunctam,
759 3594 855 3658 viam
877 3604 911 3658 et
931 3591 1103 3659 rationem
1118 3587 1273 3683 patese-¹
1391 3645 1392 3648 ,

165 3697 236 3777 cit,
267 3719 338 3787 qua
359 3696 513 3766 tortines
529 3719 596 3786 per
610 3693 727 3784 fidem
750 3693 788 3761 in
813 3693 923 3762 morte
945 3694 1012 3760 illa
1032 3692 1169 3759 vicaria
1190 3691 1263 3756 col-

164 3799 338 3880 locatam,
370 3798 562 3864 adiuvante
576 3795 719 3886 spirita
734 3795 792 3884 f„
828 3797 989 3886 gratiam
1010 3794 1082 3864 Dei
1102 3806 1137 3860 et
1152 3792 1262 3884 sala-

164 3911 236 3969 tem
246 3912 424 3968 aeternam
436 3896 599 3991 amrffam
616 3920 816 3990 recuperare
823 3897 951 3990 paffint
964 3891 1010 3992 Α).
1063 3892 1127 3964 Sin
1142 3905 1261 3962 autem

162 4023 183 4072 ο
206 3996 288 4070 solis
312 3997 357 4070 N.
375 3999 421 4072 T.
438 3997 543 4071 libris
560 3994 601 4068 ll.
624 3995 808 4097 repetieris
832 3994 1005 4068 eiusmodi
1028 3992 1261 4093 principium,

161 4096 233 4171 hoc
252 4099 326 4172 sere
343 4101 430 4173 erit:
457 4105 554 4174 Deae
570 4125 685 4169 reram
701 4102 858 4168 amnium
875 4111 996 4166 auctor
1011 4111 1116 4190 atque
1131 4094 1261 4186 gaber-

158 4213 267 4270 *nator
280 4202 521 4297 sanetrffimar
543 4197 591 4298 (1
610 4200 703 4276 Pau.
725 4214 756 4293 1,
778 4207 834 4275 15.
866 4195 971 4294 16.)‚
1005 4212 1039 4267 at
1061 4195 1261 4289 benignaffl-
