2792 4759
184 288 255 351 ³28
437 274 606 349 Parin.
657 273 743 369 σῳ.
771 274 818 347 V.
867 266 902 369 t.
932 284 1014 349 112.

182 448 422 542 contineatur,
460 446 555 521 mala
579 472 722 547 quoque
750 444 806 521 vel
830 451 975 543 phyfiea
1002 442 1110 539 suut,'
1144 436 1281 547 quihus

182 550 345 623 nonnulli
366 564 401 621 et
422 554 654 647 metaplryfiea
676 549 796 621 minus
817 564 897 651 apte
918 548 1151 641 addiderunt,
1178 575 1198 623 e
1219 574 1281 621 re·

181 676 265 725 rurn
287 666 484 724 creatarum
507 652 709 725 conditione
731 652 835 725 certis
855 650 1031 725 limitibus
1053 648 1282 723 circumseri·-

209 768 244 823 ta
266 754 527 853 provenientia,
561 753 618 824 vel
644 757 815 839 moralia,
852 778 871 827 e
896 776 1006 852 prava
1029 748 1187 825 hominis
1211 776 1282 823 vo-

181 779 316 926 suntate
331 854 539 929 exoriuuda.
569 852 842 929 Obieetionibus
857 852 940 927 inde
955 852 1148 953 depromtis
1162 866 1204 925 ut
1217 878 1281 925 oo-

184 980 387 1047 ourraruus,
427 956 579 1054 spectari
603 955 734 1027 dehent
760 961 918 1049 primum
946 954 1052 1027 salsae
1076 952 1275 1047 hominum,

185 1057 319 1155 qnippe
341 1056 407 1155 qui
427 1056 514 1129 fines
536 1057 714 1131 bonorum
731 1060 905 1151 absolutor
926 1080 1009 1130 cum
1027 1060 1185 1129 relativo
1201 1054 1277 1126 sae-

184 1154 321 1257 pissime
344 1157 564 1231 confundunt
578 1154 632 1257 ι),
675 1158 721 1229 de
743 1158 911 1258 qualitate
936 1171 971 1231 et
997 1184 1145 1233 numero
1167 1155 1276 1229 malo-

184 1284 267 1331 rum
290 1260 473 1358 opiniones
494 1258 527 1357 e)
551 1274 586 1333 et
610 1258 744 1333 iudicia
766 1286 890 1333 eorum
915 1258 960 1331 de
985 1259 1153 1333 felicitate
1178 1256 1279 1357 saepe

187 1363 384 1451 coutraria3
427 1366 550 1433 deinde
579 1375 724 1433 naturae
753 1360 873 1435 finitae
901 1360 1075 1459 certisque
1100 1358 1281 1432 limitibus

186 1462 471 1562 circumscriptae
503 1463 648 1563 propria
680 1461 840 1555 indoles;
877 1478 1058 1555 praeterea
1090 1459 1281 1533 commoda

186 1560 290 1657 longe
311 1563 464 1665 plurima
486 1578 521 1636 ct
538 1564 717 1655 maxirua,
743 1588 833 1662 quae
849 1561 992 1637 sublatis
1006 1560 1107 1634 malis
1121 1557 1185 1633 else
1200 1584 1277 1631 non

186 1663 339 1764 posl'ent,
373 1665 449 1767 ipsa
468 1690 553 1737 vera
573 1665 686 1737 virtus
708 1678 813 1765 atque
833 1662 1012 1755 honestas,
1036 1688 1106 1735 non
1124 1662 1190 1735 nili
1208 1684 1276 1759 per

188 1766 290 1839 varia
301 1764 508 1841 discrmriua
521 1792 641 1839 rerum
654 1764 852 1839 exercenda
868 1780 903 1839 et
917 1763 1147 1867 perficienda,
1170 1764 1280 1835 item-

189 1890 259 1963 que
280 1866 334 1936 vis
355 1892 396 1937 ea
419 1866 595 1957 l'alutaris,
622 1892 693 1963 qua
710 1868 845 1939 animos
861 1866 906 1939 ad
922 1866 1048 1939 altiora
1062 1860 1208 1939 evehere
1225 1876 1281 1933 at-

189 1990 260 2063 que
279 1966 464 2038 emendare
487 1966 604 2039 valent
627 1964 748 2067 (Rom.
770 1984 802 2061 8,
824 1983 868 2045 17
884 1962 943 2065 ss.)
959 1966 1016 2065 ὓς
1056 1964 1162 2041 liberi
1182 1968 1281 2042 deni-

191 2094 257 2161 que
278 2065 438 2160 arbitrii,
471 2094 543 2167 quo
564 2068 736 2143 exstineto
756 2094 858 2143 omne
880 2070 1023 2143 virtutis
1044 2082 1079 2142 et
1105 2068 1187 2139 vitii
1208 2066 1282 2137 dis-

191 2167 326 2242 crimen
344 2169 540 2260 tollcretur‚
566 2168 695 2241 abusus
710 2171 859 2243 creatori
878 2171 1026 2245 minime
1042 2167 1280 2271 imputandus,

190 2294 299 2367 quem
319 2270 463 2368 quidem
483 2271 558 2373 ipsa
579 2272 736 2345 nunonis
756 2270 927 2373 sapientia
948 2280 1085 2347 coercet
1106 2285 1213 2370 atque
1231 2269 1282 2341 ita

189 2370 410 2464 moderatur,
442 2387 482 2445 ut
503 2372 594 2445 mala
614 2371 696 2447 inde
717 2376 874 2475 prosecta
894 2370 992 2447 haud
1012 2398 1093 2446 raro
1115 2372 1154 2445 in
1173 2370 1283 2443 hene-

191 2470 273 2543 ficia
295 2488 553 2547 convertantur.
587 2470 704 2573 (Gen.
729 2486 788 2567 50,
811 2490 869 2550 20.
912 2474 992 2555 Act.
1014 2490 1048 2565 5,
1071 2483 1115 2548 14
1130 2516 1181 2527 -
1196 2468 1282 2567 18.)

191 2580 313 2661 Adde,
345 2576 479 2649 iudicia
502 2573 756 2650 humanatum
778 2575 822 2649 ‹le
837 2576 1008 2675 dignitate
1029 2574 1174 2663 morali,
1205 2588 1284 2649 tum

191 2674 236 2748 (le
258 2678 442 2767 solicitata,
484 2702 555 2775 qua
582 2676 664 2775 quis
687 2678 761 2753 srui
788 2678 947 2769 videtur,
985 2676 1087 2777 saepe
1114 2675 1211 2766 salli,
1248 2688 1286 2747 et

193 2777 335 2849 virtutis
356 2780 513 2877 praemia
527 2776 736 2875 scelerisque
750 2777 941 2879 supplicia,
967 2779 1006 2850 in
1020 2776 1089 2851 hac
1105 2778 1178 2847 vita
1192 2801 1286 2849 non-

193 2876 281 2950 dum
308 2903 418 2976 aequa
448 2880 548 2950 lance
574 2878 782 2973 (tinemuta,
816 2881 910 2953 vitae
930 2880 1067 2957 suturae
1090 2876 1188 2978 spem
1209 2902 1290 2949 me-

193 2990 313 3050 tumve
327 2980 445 3049 sorere
460 2975 608 3075 (llatth.
625 2994 681 3075 13,
701 2980 896 3079 28-30.)
906 3038 916 3074 ,
943 3006 1014 3080 quo
1030 2978 1185 3051 studium
1200 3003 1307 3079 pro-¹

193 3078 267 3178 prii
281 3080 459 3151 commodi
481 3076 652 3153 terrestris
673 3082 902 3157 saluberrime
919 3081 1132 3183 deprimitur
1146 3094 1181 3153 et
1199 3105 1291 3179 pro-

194 3178 324 3278 gressus
348 3180 393 3253 ad
414 3178 671 3255 humanitatem
691 3182 976 3283 honestatemque
1002 3182 1141 3257 facilior
1164 3180 1292 3253 reddi-

194 3293 263 3353 tur.
315 3281 438 3379 Neque
458 3298 576 3354 tamcn
599 3286 948 3399 praetermittendum
969 3282 1037 3377 est,
1070 3308 1191 3355 veram
1210 3282 1292 3355 vir-

193 3392 325 3471 tutem,
352 3408 442 3481 quae
456 3384 669 3483 pulcerrima
685 3386 752 3458 sihi
767 3384 841 3487 ipsa
856 3412 989 3459 merces
1005 3386 1055 3459 est
1073 3382 1124 3482 t),
1157 3384 1231 3455 iam
1249 3384 1293 3455 in

194 3478 264 3558 hac
278 3483 352 3554 vita
367 3487 647 3559 remuneratione
670 3486 732 3558 sna
754 3488 890 3561 interna
898 3544 908 3581 ,
933 3487 1071 3585 saepius
1087 3500 1204 3557 antem
1221 3510 1295 3557 ex-

194 3598 304 3675 terna,
316 3586 538 3658 onmiuonon
547 3612 663 3659 carere
674 3586 815 3683 (Ps.97,
829 3604 884 3664 10.
904 3602 960 3665 11.
983 3586 1088 3679 lest,
1102 3584 1192 3663 1011.
1216 3586 1293 3659 lac.

86 3677 91 3699 ¹
199 3700 232 3779 1,
248 3697 307 3762 25.
335 3701 351 3760 1
364 3687 454 3759 Petr.
469 3700 500 3777 1,
513 3686 579 3783 9.),
595 3688 719 3788 culpae
730 3716 812 3763 vero
825 3688 1036 3763 conscientia
1049 3688 1296 3763 conditionem

195 3784 351 3863 hominis
363 3790 526 3887 quamvis
535 3790 694 3862 {ortunae
705 3791 897 3866 coumrodis
908 3788 1202 3865 eslluentemvera
1211 3788 1298 3862 seli-

196 3890 301 3961 citate
315 3916 467 3989 veroque
479 3888 610 3989 gaudio
624 3893 765 3989 penitus
777 3891 912 3990 privari
924 3915 1123 3991 poenasque
1134 3889 1297 3981 meritas,

194 3989 273 4088 post
283 3990 429 4089 longum
440 3992 577 4187 saqrius
587 3990 810 4068 intervallum
819 3990 958 4067 scelesto
967 3992 1075 4091 capiti
1088 3992 1127 4061 iu
1137 3988 1206 4063 hae
1217 3991 1299 4063 vita

195 4089 461 4189 taminffigit).
500 4090 769 4187 .10b.15,eott.
795 4092 1008 4189 Placen.
1035 4088 1299 4189 horaeon.)
