2792 4759
186 319 276 388 .168
485 309 581 380 Para
604 310 636 380 1.
687 309 776 402 cap.
799 311 851 382 11.
901 302 935 407 §.
962 317 1023 386 45.

201 511 294 588 quoe
326 483 408 556 lunt
440 480 488 554 ad
520 479 667 556 salutem
700 479 910 574 aurellano,
956 487 1220 564 accommodate
1255 492 1310 571 ad

201 589 364 662 onmium
379 584 522 681 ingenia
537 611 582 657 ex
611 611 717 656 onere
738 599 902 684 putatnr3
937 585 1091 687 denique
1110 597 1319 688 efficacitas

202 707 291 777 tem,
316 689 375 762 seu
391 663 560 760 virtutem
576 611 693 779 illam,
728 707 798 784 qun
822 686 867 758 ad
889 688 1049 762 animum
1067 691 1304 792 edocendum,

199 789 461 868 enreudandum
493 801 528 862 et
560 786 866 887 tranquillandum
895 790 1054 863 maxime
1086 787 1215 868 idonea
1246 799 1304 893 fit,

200 922 292 996 quae
328 908 447 966 temen
480 889 663 962 universae
698 887 880 964 doctrinae
915 885 1048 966 rectius
1083 895 1302 994 vindicatur,

200 1023 311 1097 qnam
326 993 469 1092 lingulis
486 990 591 1063 libris
609 987 729 1062 saeris.
783 989 849 1064 Cui
871 992 1005 1066 iudicio
1027 1021 1100 1094 quo
1121 999 1241 1072 minus
1264 1017 1302 1078 et

197 1095 327 1172 nolitis
341 1111 413 1168 tem
439 1092 562 1166 oribus
578 1089 749 1164 attentum
763 1092 1012 1192 praebeamus,
1039 1097 1091 1168 nil
1105 1097 1173 1190 ell,
1199 1102 1297 1200 quod

198 1199 382 1302 impediat,
401 1122 595 1269 dirmmodo
609 1195 649 1266 in
665 1191 838 1294 scriptura
854 1195 879 1268 l.
895 1195 1108 1297 explicanda
1128 1195 1181 1298 (§.
1201 1201 1294 1301 25),

199 1327 291 1404 quae
307 1312 478 1400 perpetuo
492 1311 527 1369 et
540 1294 677 1394 ubique
690 1295 843 1368 valitura
857 1295 953 1390 sunt,
975 1297 1021 1370 ab
1036 1299 1100 1392 iis,
1118 1325 1211 1402 quae
1225 1331 1297 1380 nou

198 1403 265 1478 nin
280 1401 384 1476 certis
404 1399 573 1500 temporis
588 1411 623 1470 et
636 1397 797 1470 locorum
811 1398 1015 1474 rationibus
1030 1405 1297 1481 accommodata

197 1505 350 1595 suerint,
375 1503 513 1576 ratione
531 1499 621 1572 duce
640 1514 734 1571 recte
750 1497 1016 1574 distinxerimus
1033 1501 1078 1602 t).
1130 1507 1295 1584 Ceterum

199 1634 249 1680 ex
267 1606 343 1678 istis
365 1602 560 1675 virtutibus
574 1601 767 1700 scripturae
782 1599 829 1694 s.‚
856 1603 978 1702 inqua
994 1605 1068 1704 ipl'a
1084 1606 1152 1679 Dei
1169 1612 1292 1724 provi-

198 1709 330 1798 dentia,
345 1729 431 1806 prae
444 1704 592 1804 reliquis
605 1702 771 1801 antiquae
784 1701 964 1802 religionis
979 1707 1215 1801 monimentis,
1228 1737 1305 1792 ve-,

197 1837 259 1886 rae
279 1807 460 1907 religionis
487 1797 572 1878 cum'
596 1802 792 1876 innumeris
819 1799 1027 1880 hominibus
1053 1808 1119 1882 sub
1139 1815 1293 1906 posttiva

197 1911 354 2012 (quadarn
374 1910 487 1981 lorma
510 1907 823 1979 conuuuuicandae
838 1905 969 1979 lemine
987 1909 1203 2005 recondidit,
1236 1941 1295 1988 re-

198 2030 254 2089 cte
271 2010 509 2084 demonstrant
521 2007 641 2079 Nostri
656 2021 762 2106 atque
778 2005 1175 2102 ornnilrusCluistiauis,
1204 2041 1293 2089 eon-

114 2113 120 2124 ’
198 2131 254 2188 tra
274 2114 367 2212 leges
384 2111 557 2210 usumque
572 2107 733 2181 eccleliae
750 2105 1018 2208 catulinus),
1043 2113 1293 2212 praescribunt

198 2217 432 2292 nereditatem
447 2209 588 2312 legendi
603 2209 814 2310 scripturam
828 2211 853 2284 s.
869 2209 906 2310 t)
914 2268 925 2306 ‚
951 2213 1021 2304 vel,
1044 2211 1141 2313 quod
1155 2217 1293 2292 rectius

197 2315 433 2424 praecipitur,
457 2338 515 2386 eas
529 2310 722 2412 scripturae
739 2311 762 2385 l.
779 2321 912 2414 partes,
937 2338 1025 2413 quae
1040 2314 1219 2390 intellectu
1234 2319 1293 2391 sa-

197 2423 283 2498 ciles
305 2416 493 2493 edocendis
516 2429 551 2487 et
570 2413 842 2512 tranquillandis
864 2416 993 2487 animis
1013 2418 1144 2518 optime
1161 2444 1292 2494 eonve-

193 2527 299 2600 niunt
315 2521 363 2622 ⁵).
391 2518 499 2617 (Luc.
520 2531 577 2610 11,
598 2527 656 2592 52.
682 2516 763 2590 Act.
784 2529 840 2607 17,
861 2531 917 2592 11.
950 2517 1134 2614 tCor.10‚
1154 2531 1211 2596 15.
1238 2523 1289 2598 In.

196 2639 231 2721 6,
250 2643 308 2703 89.
340 2641 356 2700 1
374 2617 493 2695 Thess.
511 2630 544 2712 6,
565 2634 623 2696 21.
648 2616 729 2714 27.)
778 2622 896 2718 Atque
919 2634 960 2690 nt
981 2619 1163 2695 doctrinae
1185 2623 1223 2694 in
1242 2623 1291 2696 li-

193 2731 272 2806 bris
292 2727 330 2799 ll.
352 2725 504 2798 traditae
525 2721 756 2793 saluberrima
776 2717 916 2792 homini
937 2718 1127 2795 efficientia
1152 2723 1290 2824 semper

192 2829 332 2933 praesto
342 2827 394 2917 tit,
409 2824 569 2898 veritatis
578 2823 654 2894 eius
665 2836 871 2920 argumenta
883 2849 901 2894 e
914 2837 1008 2895 recta
1021 2824 1159 2898 ratione
1170 2825 1287 2920 ducta,

192 2933 288 3008 clara
303 2945 338 3002 et
351 2927 537 3029 perspicua
556 2923 795 3022 adiungantur
809 2938 964 3024 oportet,
992 2939 1032 2996 nt
1047 2925 1183 3000 indocti
1196 2955 1289 3026 quo-

191 3061 262 3136 que
277 3030 441 3104 homines
455 3053 534 3100 eam
548 3025 688 3098 facilius
703 3025 900 3124 intelligant
916 3025 1121 3126 semperque
1136 3053 1214 3100 eam
1228 3056 1291 3104 re-

189 3135 393 3211 cordentur.
444 3129 538 3202 Nam
553 3126 580 3198 li
597 3127 662 3224 qui
675 3127 793 3201 nol'tra
808 3142 940 3219 aetate,
966 3129 1032 3200 uhi
1048 3130 1208 3202 rectioris
1224 3157 1288 3204 co-

189 3237 360 3338 gnitionis
374 3231 508 3305 semina
520 3229 681 3301 latissime
694 3227 810 3327 sparsa
823 3227 1152 3328 deprehenduntur,
1177 3257 1290 3332 quoe-

188 3363 329 3437 cunque
338 3333 500 3407 homines
512 3329 558 3402 ad
566 3328 675 3402 l'olam
685 3331 904 3404 auctoritatis
915 3330 1021 3402 iidem
1033 3333 1169 3404 strenue
1181 3359 1290 3406 revo-

173 3441 318 3518 ,candos
332 3435 397 3509 else
411 3434 550 3509 censent
561 3432 696 3532 ipsique
711 3457 874 3504 revocare
887 3429 1043 3523 student,
1064 3430 1195 3508 horum
1209 3436 1291 3508 cut-

185 3569 254 3647 pae
275 3538 506 3614 tribuendum
526 3534 595 3625 est,
622 3533 648 3604 li
666 3534 704 3604 in
722 3532 902 3633 diliipulis
918 3533 969 3604 ita
984 3535 1152 3608 institutis
1168 3539 1289 3612 omnis

184 3643 369 3745 religionis
383 3667 424 3713 ao
437 3638 580 3710 virtutis
595 3633 723 3726 sensus,
742 3635 808 3707 ubi
823 3635 913 3706 l'orte
926 3649 1073 3707 externa
1086 3637 1184 3712 illius
1198 3638 1286 3712 fidei

183 3749 298 3820 fulcra
320 3759 355 3816 et
373 3738 610 3828 adminicula,
642 3752 681 3807 ut
701 3738 739 3808 in
759 3735 899 3808 lubrico
921 3751 956 3807 et
978 3737 1135 3833 instabili
1157 3739 1289 3814 sunda-

184 3865 304 3922 rneuto
321 3846 429 3948 polita
437 3899 448 3934 ,
475 3842 522 3912 ab
539 3839 618 3910 aliis
638 3839 694 3908 vel
714 3838 895 3910 irridendo
912 3836 967 3910 vel
984 3836 1181 3914 dubitando
1197 3868 1287 3916 con-

182 3952 281 4024 vulsa
297 3949 446 4037 luerint,
472 3940 613 4044 prorsus
629 3940 884 4038 exstinguatur.
972 3981 974 3986 ·

213 4103 250 4168 μ)
269 4099 351 4167 Quae
364 4097 400 4148 de
415 4095 436 4150 l.
451 4095 471 4148 l.
488 4092 539 4145 liic
555 4089 767 4161 praedicantur
776 4129 783 4155 ,
810 4107 842 4141 eo
858 4091 953 4159 perse
970 4089 1150 4160 intelligitur
1164 4109 1222 4145 non
1237 4108 1287 4146 re·
1316 4067 1320 4076 .

250 4182 326 4236 ferri
345 4181 546 4235 adratione·
567 4174 697 4230 eiusdem
717 4173 899 4230 diversarum
921 4175 1109 4232 ecclesiarum
1129 4177 1180 4230 usu
1200 4193 1287 4232 rece-
