2792 4759
146 323 206 406 De
220 322 339 393 divino
355 319 582 416 inst.ficlotis
597 321 693 401 stunt.
704 345 772 414 per
785 325 815 390 1.
827 321 908 420 Clrr.
923 329 1153 428 reperandae.
1171 337 1253 430 -Βῖῤ

133 511 276 597 onemo
296 493 417 570 medio
442 491 704 588 Nestorius,
744 491 949 594 patriarcha
971 495 1251 602 constantinop,

140 601 229 700 qui,
261 625 376 699 quum
394 623 536 671 morem
550 609 733 696 receptum
750 595 903 670 Mariam
919 597 1066 674 θεοτὸκον
1088 628 1155 702 pro
1176 631 1251 702 χρι-

132 699 283 795 ·στοτο’κῳ
305 696 513 802 appellandi
533 696 692 798 aliasque
714 694 859 798 phrases
879 699 918 772 in
934 699 1075 774 ecclesra
1096 704 1249 800 usitatas,

133 807 178 876 'v.
194 828 225 876 c.
243 803 342 876 Deus
361 817 484 893 natus,
517 796 652 902 pullus,
684 814 847 874 mortuus
864 799 913 874 est
928 798 984 900 s),
1018 805 1249 906 vituperaret,

139 903 231 977 duas
247 904 289 977 in
303 901 444 980 Christo
465 917 610 976 naturas
624 902 785 1004 separare
804 917 841 976 et
855 907 953 1004 quast
975 903 1063 979 (suos
1083 907 1250 1007 personas

130 1007 296 1080 statuere
318 1005 415 1078 visus
439 1004 499 1078 est
560 1002 641 1098 Qua
667 1003 839 1078 sententia
869 1005 909 1078 in
932 1007 1093 1082 Concilio
1116 1005 1254 1112 Ephcs.

131 1132 174 1181 a.
199 1117 272 1182 tot
302 1106 469 1180 damnata
489 1106 661 1206 novisque
680 1103 907 1182 finitionibus
927 1109 1101 1184 somnusue
1123 1109 1248 1187 ortho-

140 1209 264 1282 doxae
281 1207 510 1300 introductis,
534 1209 615 1281 exi
640 1207 684 1281 fis
698 1206 853 1283 Nestorii
873 1208 1083 1288 adversariis
1100 1212 1164 1288 Eu
1174 1231 1188 1289 t
1195 1242 1247 1309 y-

143 1310 255 1385 ches
279 1312 319 1392 iu
339 1309 552 1386 contrariam
572 1235 735 1412 desapsus
756 1310 981 1412 opinionem,
1015 1317 1247 1390 commixtio-

144 1439 228 1486 nem
245 1411 272 1486 s
287 1413 524 1488 contusionem
543 1426 753 1488 naturarum
775 1413 814 1486 in
831 1411 990 1508 Christo,
1016 1418 1086 1509 itu,
1112 1433 1153 1490 ut
1172 1442 1246 1492 non

134 1515 207 1592 uili
237 1539 310 1590 una
340 1515 502 1590 unitione
537 1514 632 1587 sueta
666 1513 860 1608 existeret,
901 1517 1028 1613 docere
1055 1519 1151 1594 visus
1181 1517 1243 1612 en,

131 1634 262 1702 ¹eontra
283 1644 393 1718 quem
414 1615 618 1691 Concilium
642 1613 924 1692 chalcedonense
946 1644 978 1692 a.
1004 1628 1074 1696 451
1101 1637 1245 1696 naturas

138 1718 271 1794 Christi
292 1716 487 1812 ἀσυγχῦτυς
505 1719 560 1795 nat
579 1713 749 1817 ἆτρίπυς
770 1720 977 1794 coniunctus
991 1719 1057 1796 ell'e
1073 1723 1241 1797 decrevit.

131 1823 263 1924 ‚Neque
276 1848 362 1896 vero
378 1834 414 1894 et
430 1820 582 1893 aliarum
598 1819 817 1916 synodorum
832 1819 994 1916 decretis,
1017 1851 1083 1926 neq
1089 1853 1132 1898 no
1148 1824 1243 1954 ipso-

134 1953 220 2000 rum
242 1925 504 2026 imperatorum
523 1918 670 2016 edictis,
696 1950 737 2017 r.
757 1949 788 1998 c.
813 1923 1045 1999 celeberrimo
1071 1927 1132 2001 illo
1156 1931 1243 2002 L'e-

130 2027 273 2104 nonis
293 2031 468 2123 Henetico
488 2049 522 2098 a.
539 2031 614 2102 482
636 2024 733 2105 edito
754 2052 998 2128 novorumque
1020 2027 1243 2104 dissidiorum

135 2144 303 2233 pmrente,
336 2125 526 2230 prohiberi
545 2127 682 2226 potuit,
714 2129 921 2227 quominus
941 2133 1026 2205 nori
1046 2131 1242 2206 identidem

134 2232 365 2306 exorirentur
387 2227 599 2303 et'Ncstorii
622 2243 658 2301 et
680 2227 857 2323 Eutychis
879 2229 1066 2305 sectatores
1085 2232 1241 2330 (Mono-

136 2329 337 2436 pltylltae),
369 2345 404 2404 et
425 2328 509 2403 inde
528 2354 550 2401 a
570 2328 686 2404 seculo
703 2329 771 2405 Vll
792 2357 875 2404 cum
889 2331 1140 2408 Monothelctis
1162 2363 1243 2408 mo-

139 2449 281 2508 veretur
300 2431 551 2527 controversia,
585 2431 765 2546 adquam
789 2435 1060 2534 opprimendam
1084 2435 1241 2531 synodm

136 2537 239 2612 sexta
262 2535 506 2629 oecumenica,
543 2533 846 2636 Constantinopoli
877 2529 917 2608 in
947 2541 1069 2608 Trallo
1101 2537 1238 2630 habita,

128 2666 167 2712 o.
187 2653 259 2716 680
273 2637 465 2726 formulam
478 2637 524 2712 ‹le
539 2633 680 2710 (luobus
693 2636 957 2731 voluntatibus,
981 2633 1139 2710 humana
1157 2641 1241 2738 qui-

133 2742 218 2816 dem
233 2739 378 2812 divinae
393 2738 549 2813 subiecta
559 2794 569 2830 ,
596 2737 766 2833 sancivit,
794 2741 896 2814 cuius
916 2739 1055 2814 decreta
1073 2740 1240 2834 Synodns

132 2845 340 2942 quinisexto
361 2841 388 2916 s.
409 2846 582 2913 Treltaaa
601 2841 747 2958 proprie
762 2841 856 2914 dicta
876 2865 908 2916 a.
928 2855 1000 2920 692
1019 2839 1136 2916 denno
1152 2868 1238 2917 con-

132 2947 301 3020 firmavit.
344 2945 390 3040 ,E
414 2942 632 3017 Nestoriams
655 2943 724 3015 sec.
741 2943 826 3016 VIII
847 2941 1043 3044 Adoptiani
1071 2941 1239 3045 prodiisse

133 3034 321 3138 videntur-5
347 3046 432 3224 (pri,
455 3071 568 3151 quum
580 3043 694 3118 Iesum
708 3042 892 3120 hominem
906 3045 1132 3148 adoptatione
1148 3073 1238 3148 qua-

132 3151 220 3223 dam
239 3147 307 3222 llei
333 3149 449 3222 sr'urn
477 3145 613 3220 factum
636 3143 702 3220 esse
731 3147 1003 3242 contendissent,
1045 3149 1084 3222 in
1107 3149 1238 3236 Conci-

131 3253 183 3327 lio
195 3251 356 3326 Francof.
376 3276 410 3326 a.
430 3259 501 3326 794
522 3247 750 3325 condemnati
764 3249 855 3324 sunt.
905 3250 1109 3325 Formosam
1124 3253 1238 3328 cccle-

130 3354 325 3444 smsticam,
363 3376 474 3451 quam
503 3376 524 3422 a
550 3349 734 3446 Cyrillo
759 3352 913 3456 Adon„
954 3351 1236 3448 Athanasio,

129 3459 282 3531 Leone
307 3455 470 3553 Magno
492 3452 580 3524 olim
602 3453 732 3526 aeriter
754 3470 1014 3556 propugnatum
1038 3456 1253 3544 Ioannes'

130 3556 441 3632 Damascenus
466 3552 614 3626 uberius
638 3555 803 3653 exposuit
825 3553 878 3654 ²),
912 3556 1122 3632 Scholastici
1144 3585 1236 3657 quo
1299 3641 1302 3646 ,

133 3688 222 3758 que,
248 3659 332 3732 lieet
350 3655 519 3730 nonnulla
533 3653 701 3728 subtilius
714 3655 994 3758 disputaverint,
1019 3661 1093 3734 scre
1111 3685 1235 3736 omues

129 3763 213 3838 tuin
231 3757 383 3858 limts).
782 3775 784 3782 “

231 3943 359 3996 Peter.
377 3940 414 3995 de
433 3939 533 4012 dogm.
551 3939 648 3994 theol.
670 3941 707 3993 T.
721 3933 753 3993 V.
773 3943 823 3998 vt.
867 3943 979 3995 Cotto
1002 3937 1038 3993 ud
1057 3941 1234 3995 Gerherrl

196 4032 270 4082 Loc.
285 4029 327 4082 tlt.
347 4029 382 4081 Τ.
399 4031 448 4082 IV.
485 4025 698 4081 Wakesield
715 4030 848 4098 Enqur'ry
860 4030 921 4078 into
935 4028 979 4078 the
993 4028 1127 4094 opiaions
1140 4027 1178 4094 of
1187 4027 1234 4080 the

108 4175 112 4184 ι
195 4115 342 4265 Chrispnn
357 4114 469 4166 writers
484 4111 523 4180 os
531 4113 577 4164 the
594 4113 672 4164 ihm
682 4113 750 4181 firfi
765 4113 905 4166 centurias
919 4112 1093 4178 concernt'ng
1110 4111 1155 4162 rste
1170 4126 1234 4178 per·
1356 4119 1359 4124 ’

175 4199 280 4268 June
312 4199 394 4268 lesus
407 4198 509 4266 Christ.
533 4196 717 4285 Londtyap
763 4196 948 4264 Uebaerdcsur
967 4199 1029 4252 dent
1050 4196 1106 4250 utres
1125 4199 1233 4266 Person
