2792 4759
314 312 372 379 De
393 312 517 382 divino
531 293 794 404 scrtpturues.
821 315 1043 385 auctoritato.
1114 365 1118 372 ‚
1155 326 1229 392 155

151 479 193 548 s)
212 479 419 550 Quendedt
433 482 540 538 Theoi.
550 479 610 536 did.
618 481 679 552 poi.
693 484 717 537 1.
732 483 767 542 68
774 484 805 538 is.
824 483 1008 556 „suspiretio
1023 485 1062 540 etr
1073 485 1223 556 ectioSpi-

190 562 270 616 ritue
286 566 327 632 s.,
350 582 407 636 que
420 567 542 621 ectuelir
554 583 657 620 rerum
669 565 802 637 cognitio
818 566 984 622 intellectui
1005 579 1104 624 croeto
1122 571 1224 639 super-

191 649 377 703 neturesiter
391 650 576 713 infunditur;
603 653 651 703 seu
666 653 705 703 est
721 650 839 704 interno
853 662 1049 723 conceptuum
1065 653 1222 724 suggestio,

190 735 244 788 sen
256 733 379 801 insulio,
397 735 453 786 sive
468 753 513 786 ree
524 745 686 803 conceptae
700 735 759 787 iem
773 747 839 814 pnte
853 738 989 806 scriptori
1002 737 1114 790 suerint
1123 735 1223 808 cogni·

188 829 258 885 tee,
277 819 335 870 five
351 821 494 872 occultae.
530 821 684 874 develetin
701 820 799 889 potuit
815 831 949 888 tempore
963 823 1136 876 antecedere
1150 820 1223 875 scri·

191 901 347 973 ptionem‚
370 903 444 954 heec
459 903 562 975 (insp.)
579 905 821 974 cumscriptione
839 909 954 975 semper
972 905 1030 972 suit¹
1050 903 1222 970 coniuncte,

189 998 224 1042 ct
236 987 270 1039 in
283 986 376 1056 ipsum
388 988 579 1058 scriptionem
592 989 746 1044 influebet.
765 1018 800 1030 -
835 991 1013 1062 Quandoque
1027 991 1115 1044 etiem
1130 988 1221 1042 revel.

190 1090 263 1126 cum
282 1073 345 1142 ipse
366 1071 441 1142 insp.
458 1075 610 1127 concurrit
624 1085 712 1145 etque
727 1073 886 1141 coincidit,
913 1075 1027 1146 quondo
1042 1075 1105 1129 scil.
1120 1073 1224 1128 divine

189 1157 329 1225 mysterio
349 1157 518 1225 inspirendo
538 1159 726 1224 revelentur,
752 1168 782 1210 et
796 1160 951 1211 revelando
966 1158 1166 1228 inspirentur,
1189 1160 1222 1214 in

189 1242 258 1313 ipse
271 1239 442 1310 scriptione.
451 1244 471 1268 ”
504 1259 548 1312 72·
568 1245 660 1311 „Non
675 1242 772 1294 solum
787 1258 835 1295 ree
850 1253 879 1294 et
892 1243 1066 1310 sententies,
1084 1243 1115 1296 in
1133 1245 1185 1298 ior.
1197 1248 1221 1300 s.

193 1335 369 1394 contentae,
395 1329 446 1381 sou
462 1327 577 1380 sensum
592 1328 769 1392 verborum,
795 1325 950 1395 Prophetie
969 1335 998 1378 et
1012 1327 1158 1396 Apostolie
1175 1328 1222 1382 in-

188 1410 318 1483 spireeit
331 1412 454 1481 spiritur
467 1414 506 1478 s.·,
525 1413 574 1466 sed
586 1413 676 1468 etiem
689 1411 812 1480 ipsemet
826 1410 914 1464 verbe
928 1420 958 1464 et
971 1427 1058 1464 vocer
1071 1425 1172 1465 omnen
1186 1426 1221 1466 ec

98 1503 106 1509 '
191 1496 321 1566 singulee
340 1496 565 1552 individueliter
579 1499 628 1567 Sp.
642 1497 665 1552 s.
680 1495 874 1566 scriptorihue
892 1494 1106 1566 suppeditavit,
1130 1493 1222 1566 inspi-

189 1583 269 1637 nrit
281 1591 313 1638 et
327 1580 459 1636 dictevit.
468 1584 487 1611 ”
1017 1599 1020 1604 '

148 1704 188 1772 g)
207 1701 351 1756 Nonnulli
367 1719 435 1756 cnm
450 1701 673 1758 Reinlrerdo
686 1704 842 1771 (Dormor.
860 1717 887 1772 p.
902 1705 965 1770 ὄν.)
980 1701 1162 1774 distinguunt
1175 1701 1220 1756 iu·

191 1786 386 1860 spiretionem
408 1787 468 1859 lete
488 1787 613 1856 dictem,
638 1790 658 1842 s.
674 1787 833 1840 efficacium
849 1785 970 1857 spiritur
985 1787 1043 1840 die.
1063 1787 1093 1839 in
1113 1787 1220 1842 enimin

191 1881 344 1926 oretorum
359 1869 542 1938 divinorum,
570 1890 628 1944 que
642 1872 733 1925 etiem
756 1890 801 1926 ror
821 1883 905 1926 noter
923 1881 1123 1944 proponentee
1138 1888 1221 1924 orro-

188 1957 235 2010 rie
255 1965 391 2027 expertee
410 1964 512 2030 erent;
538 1965 568 2007 et
587 1957 663 2026 insp.
680 1960 783 2027 Jirictr
804 1959 932 2024 dictem,
963 1959 984 2010 s.
1006 1959 1219 2026 metationem,

188 2041 223 2097 lt.
238 2061 263 2094 e.
285 2057 352 2093 cern
371 2040 536 2094 efficeciem
556 2042 678 2112 spirit‘ue
701 2043 780 2112 div..
812 2057 867 2112 que
888 2053 1019 2095 oretoree
1040 2041 1097 2095 dir.
1118 2058 1220 2096 rerum

188 2127 362 2198 ignotorum
388 2126 512 2178 notities
539 2127 726 2196 occipiebent
752 2128 809 2180 sine
835 2125 954 2178 erreudi
984 2126 1128 2195 periculo.
1171 2127 1218 2180 cf.

186 2211 622 2270 Bretschneiderlsondb.
638 2213 666 2264 d.
682 2213 813 2290 Dopmot.
834 2213 860 2266 s.
879 2228 904 2264 r.
921 2210 952 2263 A.
973 2229 1003 2280 p.
1016 2228 1076 2282 ²47·
1101 2214 1169 2278 „Ee
1183 2211 1221 2280 ry}

188 2319 266 2354 eroor
284 2301 332 2350 der
353 2299 419 2350 Sotz
435 2297 646 2365 seflzusrosten,
672 2298 737 2364 dnsr
758 2297 810 2348 dus
826 2297 863 2348 N.
882 2293 913 2348 Τ.
935 2297 981 2346 die
996 2296 1143 2364 Schriften
1162 2312 1222 2369 uon*

189 2384 332 2436 Minorem
347 2383 488 2448 enthoste,
507 2381 611 2432 welche
624 2381 780 2447 gittsicher
791 2379 987 2447 Offendorung
999 2379 1145 2447 genoffen,
1160 2381 1219 2432 und

193 2470 259 2536 dosr
273 2485 301 2518 ee
316 2470 392 2536 osso,
417 2469 447 2518 in
463 2468 515 2518 eeie
529 2467 595 2516 coeit
610 2481 639 2517 ee
656 2462 945 2531 Offendorungsseiere
957 2466 1104 2529 coraige,
1129 2461 1218 2515 fidem

194 2552 324 2606 divinem
336 2555 420 2614 debu
439 2553 505 2604 oder
516 2552 579 2602 einr
587 2547 765 2616 inspiratione
777 2549 826 2600 der
835 2547 981 2612 Schriften
988 2545 1076 2612 scissi
1088 2545 1123 2614 ij}
1136 2543 1223 2596 nicht*

192 2636 421 2720 ancunrsrmenf‘

152 2759 252 2831 1)sz
267 2754 433 2822 Celovii,
451 2751 638 2822 Hoslerii,
656 2753 805 2806 Museei
825 2751 949 2817 (Introd.
964 2753 996 2804 in
1009 2750 1104 2805 theol.
1123 2767 1149 2804 c.
1163 2752 1215 2821 5.),

185 2843 337 2910 Beieri,
363 2838 526 2905 Buddei,
551 2832 828 2907 Beumge'rteni
847 2834 1034 2906 eliorumque
1053 2834 1215 2890 institutio·

182 2947 239 2984 nee
254 2923 581 2996 regeretinerent,
604 2922 708 2991 quihur
729 2939 744 2974 e
764 2921 914 2990 theologie
935 2921 1149 2975 recentioribue
1164 2921 1213 2974 ed-

182 3011 314 3083 siipulcti
332 3008 400 3064 sunt
417 3010 544 3065 Seiler
557 3006 662 3058 Theoi.
677 3006 978 3078 dogmatico-posent.
1001 3007 1082 3076 5811.
1119 3006 1161 3057 Id.
1177 3004 1212 3056 de

182 3093 376 3152 reveletionir
395 3101 425 3147 et
440 3089 642 3161 inspiretionie
656 3089 827 3144 discrimine
839 3092 897 3145 rite
912 3090 1123 3149 constituendo.
1148 3089 1211 3143 Eri.

182 3200 261 3255 ¹794
282 3199 311 3251 4.
345 3178 456 3233 stou
470 3177 574 3232 sariri.
588 3175 616 3230 ἰ.
632 3175 698 3229 Cirr.
712 3175 879 3244 Dogmorr'k.
898 3178 923 3232 1.
942 3177 991 3238 1⁸6
1003 3175 1035 3228 is.
1054 3175 1093 3230 ui·

597 3346 632 3448 §.
661 3364 722 3427 89.

418 3488 903 3560 Continuatim

213 3641 456 3746 inspirationis
477 3642 595 3733 notio,
626 3640 742 3740 qualis
764 3639 838 3714 iam
860 3636 1004 3710 definita
1019 3633 1086 3727 est,
1118 3632 1207 3708 scri'ss

109 3760 241 3850 ptume
260 3748 285 3820 i'.
311 3744 430 3821 effatis
456 3749 506 3818 ita
534 3743 804 3843 comprobatur,
838 3757 898 3832 ut,
933 3763 1024 3838 quoe
1045 3735 1138 3808 lesus
1161 3735 1206 3808 dc

106 3849 239 3951 spirim
257 3848 399 3940 divino,
426 3845 622 3948 paracleto,
648 3844 833 3945 Apostolos
854 3843 893 3916 in
916 3837 1125 3940 exponenda
1147 3863 1206 3910 re-

104 3951 253 4052 ligionis
276 3951 438 4024 doctrina
461 3949 644 4038 adiutum,
671 3946 873 4018 enunciavit
891 3941 959 4039 (lo.
981 3949 1036 4031 14,
1057 3953 1113 4014 16.
1143 3955 1202 4017 26.

108 4065 172 4144 15,
188 4067 248 4129 26.
280 4068 338 4146 16,
355 4063 503 4127 7—15.
531 4051 576 4124 cf.
594 4046 721 4124 Matth.
741 4063 797 4138 10,
817 4061 872 4122 19.
897 4059 954 4120 20.
982 4043 1053 4115 Mc.
1068 4055 1124 4134 18,
1144 4057 1201 4156 ¹.¹·

103 4157 198 4232 Luc.
219 4170 278 4250 12,
298 4171 354 4231 11„
386 4171 442 4232 12.
458 4197 509 4208 -
536 4168 596 4249 21,
615 4160 673 4229 14.
701 4148 800 4248 tn),
832 4161 866 4220 et
880 4143 1042 4246 Apostoli
1061 4143 1104 4218 de
1128 4169 1203 4216 ens
