2792 4759
395 374 399 379 ·
445 354 503 435 De
525 360 708 433 attributa
730 360 814 433 Det.
1053 346 1058 356 ’
1101 372 1175 442 sco

11 565 13 591 ³
73 538 206 615 tionem
222 538 291 613 Dei
308 534 457 612 arduam
479 561 521 611 nc
536 534 722 641 difficilem
743 532 809 609 esse
828 532 994 639 pluribus
1013 532 1101 613 locis
1119 555 1173 615 te-

72 645 185 716 statur
204 668 238 715 r.
257 668 289 714 c.
313 640 376 713 les.
395 647 456 732 to,
474 653 532 715 28.
568 648 627 731 46,
645 650 678 713 5.
711 652 727 716 1
746 639 825 712 Cor.
843 654 877 731 2,
896 640 953 715 ll.
985 642 1118 717 1Tim.
1135 657 1172 735 6,

77 762 155 837 16„
181 744 323 821 etiamst
337 740 503 840 cognosci
524 767 607 813 enni
627 737 740 841 posse,
773 742 920 814 omnino
938 739 1036 815 hand
1056 759 1171 862 negat.

73 846 263 943 (to.17,a.
290 838 531 939 Ilom.1‚19.)
563 840 746 914 Attributa
758 842 817 914 illa
826 899 836 935 ‚
852 868 1006 943 (luorum
1017 846 1175 919 nomim-

72 948 141 1021 bus
155 947 306 1021 eandem
318 947 489 1016 virtutem
500 943 678 1035 divinam,
695 942 755 1016 ted
766 944 899 1017 iutuitu
908 972 1029 1019 rerunt
1039 949 1174 1021 creata-
1288 990 1292 995 ⁴

73 1076 157 1123 rum
172 1064 209 1123 et
225 1046 336 1121 nostri
351 1045 568 1147 potissimum
576 1100 586 1136 ,
608 1046 709 1117 vario
720 1046 826 1118 motlo
839 1045 909 1119 sese
922 1048 1174 1147 explicantem,

73 1152 300 1243 declaramus
314 1146 363 1247 ‘)‚
389 1173 462 1219 non
476 1150 691 1232 accidentia,
717 1144 776 1218 secl
792 1153 1097 1222 determinationes
1111 1180 1174 1223 ue·

73 1255 248 1348 cessorioe
261 1249 306 1321 atl
317 1264 479 1321 naturam
490 1248 647 1321 numinis
659 1249 873 1349 pertinentes
887 1264 982 1323 recte
993 1251 1175 1327 dicamur.

72 1354 238 1455 Triplici
251 1350 318 1425 hac
331 1350 410 1443 via,
437 1348 662 1424 Scholasticis
682 1351 756 1422 ianr
777 1350 928 1449 probata
941 1350 996 1451 δ),
1027 1352 1175 1427 investi-

72 1456 158 1557 gari
171 1454 297 1529 solent:
325 1458 486 1548 prinum
500 1452 560 1525 vin
574 1450 801 1547 causalitatis
815 1450 923 1550 (mis
937 1452 1068 1553 Osco),
1101 1476 1175 1555 qna

73 1580 307 1659 quascunque
321 1554 430 1627 rebus
444 1554 589 1647 creatis,
615 1568 650 1627 et
664 1554 866 1655 praecipuis
881 1554 1044 1655 quidem,
1069 1552 1176 1631 inette

74 1653 309 1757 intelligimus
332 1655 585 1757 perfectiones,
619 1680 678 1727 eas
700 1656 797 1747 Deo,
830 1671 872 1731 ut
892 1656 1017 1731 causae
1037 1682 1176 1752 earum,

75 1762 288 1851 tribuimus3
317 1763 441 1831 deindo
453 1758 512 1830 via
525 1761 724 1853 negationis
736 1755 1013 1857 (m’cipm'pscu)
1028 1756 1080 1858 θ),
1101 1784 1175 1861 (pua

75 1861 255 1965 quidquid
271 1858 320 1935 est
336 1858 535 1960 imperfecti
552 1860 592 1933 iu
610 1858 719 1934 rebus
733 1858 861 1933 creatis
876 1874 911 1933 et
923 1860 1034 1935 finitis
1048 1887 1071 1934 a
1083 1862 1174 1956 Deo,

75 1982 117 2039 ut
134 1980 261 2038 natura
277 1960 416 2035 infinita
425 2016 436 2054 ,
461 1986 702 2053 removemus3
729 1966 877 2057 deniquo
890 1963 950 2035 via
964 1968 1177 2038 eminentiae

76 2065 185 2165 (sarai
203 2062 355 2163 mico),
389 2088 461 2164 qua
482 2064 715 2163 perfectiones
738 2088 797 2136 eas
819 2088 842 2137 a
862 2064 970 2139 rebus
991 2067 1118 2140 creatis
1139 2082 1177 2141 et
1229 2142 1234 2155 ,

75 2169 189 2243 sinitis
204 2166 251 2239 ad
265 2168 382 2239 Deum
396 2164 800 2264 translatascogitamus
823 2164 1051 2259 omnimodo
1072 2166 1177 2241 abfo-

74 2273 171 2345 lotas
192 2268 419 2367 infinitasque
433 2264 488 2366 s).
541 2264 762 2367 Quocunque
781 2282 901 2341 autem
919 2269 979 2340 via
998 2268 1046 2341 atl
1057 2270 1177 2344 Deum

74 2368 361 2471 cognoscendum
385 2368 503 2442 sancta
534 2394 618 2443 cum
648 2367 863 2441 verecundia
892 2369 1177 2469 progrediamur,

76 2472 186 2545 valtle
206 2469 310 2543 nobis
330 2469 527 2543 cavendum
545 2468 615 2563 est,
641 2494 704 2560 nc,
730 2470 769 2540 in
785 2464 1177 2569 anthropomorphismi

76 2575 243 2672 aliosque
258 2596 389 2644 encres
403 2570 440 2670 t)
463 2570 610 2671 delapsi,
640 2569 697 2643 vel
711 2571 787 2643 Deo
803 2569 941 2668 aliquid
960 2568 1175 2664 tribuamus,

76 2674 179 2777 quod
195 2672 271 2774 ipso
284 2672 389 2775 plane
403 2672 591 2771 indignum
606 2674 664 2763 sit,
689 2670 746 2744 vel
763 2696 992 2772 quascunque
1005 2669 1074 2744 Dei
1090 2697 1177 2773 pro-

77 2780 246 2881 prietates
264 2776 384 2847 animo
400 2774 586 2875 concipere
602 2788 637 2846 et
652 2773 849 2873 intelligere
862 2798 927 2845 nos
942 2770 1036 2875 posse
1051 2775 1178 2875 opin'e⁴

77 2904 172 2954 ntur.
225 2876 347 2971 Quum
360 2874 516 2976 theologi
532 2890 566 2949 et
580 2875 799 2975 atitiqniores
814 2889 849 2947 et
863 2876 1077 2949 recentiores
1094 2876 1178 2977 plu-

78 2984 214 3057 rimum
234 3003 363 3079 operae
383 2976 423 3050 in
444 3003 485 3051 eo
508 2976 707 3077 posuerint,
740 2992 782 3049 nt
796 2976 995 3051 doctrinam
1012 2976 1056 3050 (le
1074 2978 1177 3051 attri-

79 3080 179 3159 butis
191 3080 325 3155 divinis
332 3135 343 3171 ‚
369 3104 460 3179 quae
474 3078 620 3179 quidem
633 3078 671 3151 in
686 3078 790 3151 libris
804 3078 1011 3172 symbolicis
1023 3106 1096 3152 non
1111 3078 1178 3153 uisi

79 3200 256 3286 quatenus
272 3182 467 3254 trinitatem
483 3181 522 3253 in
537 3182 612 3252 Deo
629 3180 780 3281 spectat,
805 3194 953 3254 tractata
968 3178 1037 3275 est,
1062 3179 1179 3255 subti-

78 3289 162 3361 liter
176 3282 410 3373 illustrarent3
436 3308 500 3354 nos
515 3282 679 3383 quidem,
706 3308 751 3354 ne
766 3281 882 3354 studia
897 3308 1021 3354 eorum
1036 3306 1056 3354 a
1071 3284 1178 3357 nobis

77 3386 210 3463 iniuste
225 3384 384 3483 neglecta
398 3383 585 3455 videantur'
592 3440 602 3477 ,
629 3385 787 3483 primunt
800 3406 1032 3484 quaecunque
1046 3384 1093 3457 ab
1105 3384 1180 3458 illis

64 3490 151 3565 ¹hac
163 3487 209 3561 tle
220 3512 259 3560 re
273 3486 375 3559 ‹locte
387 3484 540 3585 exposita
553 3484 703 3579 suerint,
720 3482 1031 3580 atlumbrabinius‚
1048 3484 1178 3563 deinde

79 3616 189 3680 vero,
204 3585 454 3689 praeeuntibus
466 3585 696 3687 scriptoribus
708 3582 766 3678 ss,
783 3586 887 3659 usum
898 3590 1097 3688 practicum
1107 3588 1180 3662 sire

82 3689 245 3767 ethicum
265 3690 304 3761 in
325 3687 507 3762 tractanda
523 3687 584 3761 illa
605 3687 650 3761 de
670 3687 853 3762 attributis
867 3688 1000 3762 divinis
1015 3688 1180 3764 docuina

82 3793 275 3891 diligenter
289 3790 526 3891 respiciemus.
1058 3794 1062 3801 '
1212 3822 1218 3825 >

116 3975 149 4043 a)
168 3972 315 4026 Attrilato
327 3972 536 4028 discernuntur
550 3990 567 4027 ι
581 3974 822 4044 proprietatibus,
846 3988 903 4047 quo
916 3970 1034 4028 nomine
1045 3964 1182 4047 theologi

153 4059 227 4111 oliui
240 4056 427 4111 characteres
441 4056 533 4111 trium
546 4058 577 4112 in
589 4059 729 4113 trinitate
740 4062 931 4131 personarum
944 4056 1092 4129 designare
1104 4058 1182 4113 solo·

151 4144 243 4211 bont,
267 4150 297 4193 et
312 4158 330 4193 ι
342 4142 520 4209 praedicatis
533 4142 588 4195 Dei
606 4145 752 4211 relatiuis,
775 4158 851 4214 qnae
863 4142 1009 4210 iudicant,
1031 4144 1182 4217 quomodo

149 4226 274 4283 Dertosa
286 4223 393 4281 ament
403 4225 438 4279 ad
449 4225 606 4299 nuatum,
624 4240 651 4283 ν’.
663 4244 688 4282 c.
700 4237 828 4297 creator,
843 4228 1043 4285 conservator.
1066 4229 1181 4285 lloin·

693 4416 697 4423 Ι
763 4314 796 4388 0
