2792 4759
118 292 124 302 ’
195 346 268 409 sse
449 332 616 407 aaran
669 332 756 424 cap.
782 333 828 404 V.
879 328 911 431 §-
943 350 1025 417 111.

194 502 343 614 abipso
367 520 604 607 patratarum,
645 519 681 577 et
707 508 922 607 pravitatum
970 513 1181 606 uenitentia,
1215 527 1292 595 tam

194 624 290 682 arcte
317 604 381 679 else
409 608 594 701 iunctam,
639 617 686 680 ut‘
709 633 812 685 nemo
842 608 896 685 sui
923 536 989 685 usu
1015 612 1175 687 conscius
1205 640 1292 717 per-

193 708 382 783 suasionem
402 706 446 781 dc
470 708 532 787 illa
552 707 727 807 deponere
749 708 822 782 ullo
843 711 948 786 modo
969 712 1070 815 possit
1087 712 1134 819 ⁶).
1185 718 1293 793 Atta-

192 835 274 883 men
298 835 410 906 quum
433 836 505 885 nou
527 808 641 881 solum
662 810 774 882 animi
796 808 931 885 indoles
950 816 1084 907 nativa,
1118 834 1293 917 opportu-

192 911 335 1001 nitates,
369 910 503 1009 quilius
521 910 649 1009 singuli
669 908 833 984 homines
861 914 1016 1011 gaudent
1041 916 1086 987 ad
1107 917 1292 993 facultates

191 1009 269 1082 suas
294 1012 524 1104 excolendas,
566 1037 622 1083 res
643 1028 830 1106 externae,
874 1016 1006 1113 quibus
1031 1018 1168 1089 animus
1191 1020 1291 1093 varie

190 1128 373 1211 movetur,
406 1113 537 1213 etipse
560 1110 744 1192 causarum
767 1128 912 1187 eventus
932 1116 1034 1227 saepe
1058 1118 1291 1233 inopinatissi-

190 1239 270 1290 mus
292 1240 314 1294 a
336 1215 458 1295 divina
476 1240 597 1293 rerum
619 1214 843 1317 dispositione
865 1218 1064 1317 pendeaut;
1104 1218 1165 1295 led
1185 1222 1291 1294 etiam

190 1332 336 1389 eventus
361 1318 542 1393 actionum
562 1313 760 1391 nostrarum
784 1316 887 1394 caelat
916 1318 956 1393 in
984 1346 1106 1395 rerum
1127 1336 1293 1395 externa-

189 1442 273 1491 rum
292 1444 427 1491 nexum
446 1416 723 1493 amudaratione
740 1417 864 1493 divina
877 1416 1152 1522 dependentem,
1177 1422 1294 1496 faten-

190 1516 279 1595 dum
299 1518 401 1595 fimat
424 1517 491 1613 est,
523 1516 727 1595 libertatem
746 1514 941 1597 humanam
961 1523 1106 1597 omnino
1130 1548 1203 1596 non
1225 1520 1294 1602 effe

191 1624 412 1715 absolutam,
444 1620 506 1698 sed
523 1622 654 1695 rectius
670 1620 744 1695 dici
757 1628 1037 1699 conditionalem·
1089 1622 1191 1703 Unde
1212 1624 1293 1697 elu-

190 1738 264 1816 cet,
296 1751 362 1828 per
375 1722 531 1803 homnis
547 1721 766 1797 voluntatem
780 1723 921 1799 divinae
941 1724 1183 1827 providentiae
1204 1750 1293 1799 con-

188 1825 264 1897 silia
295 1841 401 1925 atque
432 1824 518 1898 fines
547 1824 645 1897 nullo
667 1824 775 1898 modo
797 1826 936 1901 turbari
965 1825 1022 1899 rel
1044 1825 1190 1899 omnino
1211 1824 1292 1901 tolli

188 1922 302 2027 posse,
328 1924 500 2027 liquidem
517 1922 674 2004 efficacia
693 1928 770 1999 eius
791 1928 830 1999 in
852 1926 1050 2002 actionibus
1072 1926 1166 2020 istis,
1200 1952 1292 2027 quas

189 2024 238 2108 ab
253 2042 395 2107 aeterno
410 2028 568 2129 cognitas
583 2023 712 2107 habuit
724 2022 776 2129 (§
791 2027 871 2129 65.)
879 2086 889 2121 ‚
912 2026 1158 2129 permittendls
1166 2084 1177 2123 ,
1200 2028 1292 2102 diri

189 2127 315 2227 gaudis
329 2144 434 2230 atque
449 2127 651 2204 coercendis
665 2145 701 2202 et
716 2129 755 2201 in
770 2153 961 2229 pravorum
977 2130 1177 2205 facinorum
1191 2124 1293 2202 limi-

188 2231 288 2307 tibus
303 2233 408 2307 certis
423 2227 674 2306 constituendis
687 2231 845 2303 maxime
862 2230 1050 2331 conspicua
1065 2230 1124 2303 elt.
1153 2230 1291 2323 Quam-

189 2333 245 2409 vis
260 2348 379 2413 autem
394 2330 555 2415 voluntas
570 2328 726 2406 humana
742 2333 846 2407 certis
860 2331 993 2415 finiltus
1009 2332 1049 2405 fit
1065 2329 1291 2424 circumseri-

215 2450 271 2529 ta,
301 2434 492 2511 incolumis
512 2448 630 2509 manet
653 2449 791 2527 tamen,
825 2432 938 2535 fiper
960 2432 994 2507 se
1015 2430 1211 2533 spectetur,
1243 2432 1291 2505 li-

236 2552 309 2616 rtas
329 2534 506 2631 hominis3
540 2560 624 2609 nam
646 2536 786 2611 animus
807 2532 985 2611 humanus
1006 2536 1056 2607 ita
1074 2532 1124 2608 est
1147 2558 1290 2633 compa-

189 2655 306 2732 ratus,
338 2655 397 2733 ut,
428 2640 577 2713 rationis
599 2637 638 2709 vi
657 2634 762 2737 super
783 2662 904 2711 rerum
921 2635 1148 2739 physicarum
1164 2633 1290 2709 seriem

190 2742 423 2840 ordinemque
436 2738 507 2813 seso
524 2736 704 2830 attollens,
720 2736 778 2811 ⁴ab
795 2739 808 2810 i
835 2736 870 2813 sa
888 2738 1024 2815 ratione
1039 2734 1167 2814 ducere
1182 2749 1291 2834 queat

190 2843 365 2941 originem
381 2843 581 2931 actionum3
614 2838 708 2914 unde
723 2766 833 2913 haus
844 2840 962 2940 inepte
982 2834 1091 2910 homo
1107 2835 1153 2908 ad
1167 2835 1290 2938 dupli-

107 2942 113 2952 ’
191 2970 270 3019 cem
291 2968 413 3019 rerum
432 2942 595 3016 ordinem
615 2942 792 3041 pertinere
814 2937 965 3034 dicitur,
998 2938 1148 3012 alterum
1167 2935 1291 3041 phyti-

192 3069 293 3137 eum,
320 3042 470 3117 alterum
484 3042 673 3135 moralem,
706 3068 859 3141 quorum
880 3038 942 3115 hic
962 3038 1102 3114 homini
1122 3037 1291 3140 suppedi-

191 3162 243 3221 tat
258 3147 412 3219 rationes
426 3142 556 3244 agendi
569 3142 814 3236 decernentes,
840 3141 900 3219 ille
916 3140 1036 3217 causas
1053 3144 1289 3239 occofionoles.

190 3246 333 3342 Quilius
356 3246 476 3348 politis
498 3244 621 3344 negari
642 3242 789 3344 quidem
811 3244 953 3343 nequit,
978 3239 1290 3318 hominemomni-

189 3348 368 3455 potentiae
381 3362 416 3421 et
428 3345 679 3448 gribermtioni
689 3344 831 3419 divinae
845 3368 1029 3445 nunquam
1042 3369 1115 3416 non
1126 3339 1192 3421 eise
1203 3340 1290 3417 sub-

190 3446 350 3541 missum
375 3463 530 3523 attamen
544 3475 617 3522 non
631 3444 681 3521 est
696 3444 827 3520 neeesse
834 3501 845 3539 ,
864 3471 946 3521 eum
959 3458 1156 3520 ceterarum
1169 3467 1290 3519 rerum

191 3549 419 3654 physicorum
438 3548 564 3643 instar,
591 3544 900 3641 coecumlcilicet,
926 3544 1062 3623 summo
1077 3570 1198 3621 rerum
1211 3544 1289 3635 fini,

192 3656 308 3729 aDeo
330 3650 535 3745 constituto,
567 3650 755 3742 inservire,
788 3647 848 3721 sed
870 3644 1067 3727 concellum
1088 3646 1123 3721 ei
1145 3645 1217 3740 est,
1248 3659 1291 3725 ut

192 3756 341 3837 rationis
353 3756 391 3825 vi
406 3753 533 3825 ductus
549 3751 647 3824 suam
666 3750 774 3850 ipfius
796 3748 896 3825 finul
917 3764 1014 3850 petat
1034 3773 1157 3821 veram
1176 3746 1292 3823 salici-

191 3874 302 3931 tatem
324 3882 366 3931 ac
389 3854 607 3955 dignitatem.
667 3850 747 3945 Quo
769 3850 972 3949 diligentius
996 3864 1114 3927 autem
1140 3872 1183 3921 ac
1204 3846 1292 3921 reli-

191 3960 322 4059 giofius
341 3957 450 4031 homo
472 3954 572 4029 ideae
591 3976 695 4027 verae
715 3950 894 4029 felicitatis
914 3966 948 4025 et
964 3950 1164 4051 dignitatis,
1190 3972 1291 4021 ara-

191 4062 289 4133 tione
305 4085 377 4131 non
390 4056 558 4131 nisilieue
573 4054 716 4129 excidta
732 4054 767 4125 ei
781 4050 1036 4153 suppeditatae,
1062 4047 1293 4151 quascunque

194 4160 424 4262 cogitationes
439 4172 474 4235 et
489 4156 685 4234 voluntates
702 4152 781 4235 suas
794 4152 1129 4247 accommodaverit,
1156 4174 1199 4225 eo
1213 4174 1293 4225 ma-
