2792 4759
504 443 506 449 y
530 364 592 435 De
613 366 813 465 Religione.
1175 384 1228 447 39

148 534 184 603 ι)
199 534 267 587 Non
281 534 396 587 obstant
408 533 621 589 nonnullorum
636 537 777 607 querelae
798 538 839 601 (v.
858 552 933 606 prae
951 536 1059 592 eeterie
1077 541 1223 595 Ammon

184 621 244 673 Der
259 620 356 673 reebte
369 618 563 685 Stondpunct.
582 622 616 673 L.
629 628 702 679 ttae.
722 636 751 689 p.
764 638 797 691 ip
809 622 872 688 li),
890 622 940 692 qui
953 624 1104 677 rationem
1120 626 1223 679 liuma-

181 720 252 757 nam
272 702 388 771 saepiu·
405 701 588 757 imbecillam
602 702 765 774 multisque
782 706 935 759 erroribus
949 708 1126 777 obnoxiam,
1149 712 1221 765 adeo

181 798 215 841 ut
232 806 248 841 ι
264 788 292 841 se
307 786 372 856 ipsa
392 786 508 857 saepius
531 786 684 840 dissentire
704 790 859 856 videatur,
878 791 965 845 soille
979 806 1222 850 commemorant.

180 872 258 926 Nam
273 872 436 939 rationem,
462 881 604 941 quatenus
625 872 763 940 suprema
783 874 848 927 eiua
869 875 913 929 rie
933 888 1074 930 cernatur
1096 879 1129 931 in
1148 882 1223 931 ideis

181 955 389 1025 concipiendi·
404 955 564 1026 eademque
578 957 643 1026 ipsa
656 966 739 1010 reete
753 958 873 1012 dicatur
887 963 969 1027 ideo,
989 961 1104 1015 homini
1124 981 1140 1014 a
1156 965 1221 1015 Deo

179 1040 279 1095 datam
294 1040 350 1093 osse
364 1040 540 1095 facultatem
553 1058 612 1093 non
628 1041 792 1109 excultam,
809 1044 858 1096 sod
872 1046 1012 1097 continuo
1027 1047 1222 1099 excolendam

181 1126 311 1194 constat,
337 1128 461 1198 eiuaquo
482 1126 595 1194 aciem,
628 1125 683 1178 nisa
704 1125 912 1180 adiuvantibus
932 1130 1022 1182 roho·
1044 1130 1222 1184 seustillimia

179 1228 197 1263 a
210 1210 267 1264 Dei
283 1212 472 1280 providentia
492 1209 683 1281 repetendis,
700 1209 754 1262 ita
774 1213 875 1265 curari
898 1215 996 1282 posse,
1023 1224 1056 1267 ut
1078 1232 1117 1266 ne
1137 1232 1221 1283 prae-

183 1296 345 1365 stringatur
359 1298 521 1351 morinus.
557 1296 620 1349 Nec
635 1294 739 1363 negari
754 1298 867 1364 potest,
888 1297 917 1348 in
932 1299 1022 1350 rehue
1037 1297 1221 1367 gravissimis,

186 1396 257 1449 quae
271 1380 308 1431 ad
322 1381 499 1451 religionem
511 1390 542 1433 et
554 1380 734 1433 honestatem
749 1381 888 1434 tuendam
903 1381 1070 1451 pertinent,
1087 1384 1221 1457 itemquo

183 1464 214 1519 in
229 1468 397 1537 praeceptis
412 1465 488 1520 artie
502 1466 639 1535 logicae,
666 1482 767 1517 omnes
784 1464 1031 1533 philosophorum
1044 1471 1157 1524 scholar
1175 1471 1222 1523 in.
1246 1502 1250 1506 ,

182 1560 228 1605 ter
242 1554 271 1605 se
288 1550 460 1605 convenire.
495 1552 607 1603 Contra
623 1548 767 1603 intereos
783 1550 877 1618 ipsos,
906 1551 957 1621 qui
978 1554 1008 1605 se
1031 1554 1153 1606 eandem
1175 1574 1222 1609 ro·

181 1640 359 1691 velationem
380 1635 462 1705 sequi
482 1634 600 1705 prosesl'r
623 1636 709 1699 sunt,
741 1652 848 1702 magna
871 1636 1048 1704 opinionum
1069 1638 1221 1691 diverunt

182 1723 327 1787 obtinuit;
345 1738 401 1774 nec
416 1720 468 1771 illa
482 1718 672 1771 revelationis
690 1720 854 1772 auctoritas
870 1720 1015 1788 impedire
1029 1722 1142 1792 potuit,
1163 1743 1220 1793 quo

180 1808 278 1859 minuo
300 1806 363 1859 eius
386 1804 510 1857 asleolaa
535 1802 570 1854 ad
594 1802 829 1871 superstitionem
859 1822 1036 1877 erroresque
1059 1807 1132 1859 alios
1158 1827 1220 1861 non

180 1894 267 1946 modo
290 1892 427 1959 ineptos,
457 1888 507 1941 sed
527 1888 616 1940 otiam
638 1889 825 1957 perniciosos
847 1890 1067 1945 delabereutur.
1113 1894 1221 1963 Quodli

179 1996 250 2029 vero
266 1979 330 2030 Deo
345 1972 518 2044 placuisset,
548 1990 648 2024 omues
662 1972 739 2025 idem
755 1976 874 2042 prorsus
889 1976 999 2028 sentire
1014 1976 1051 2027 de
1067 1976 1156 2034 rebus
1173 1980 1219 2033 di.

179 2062 269 2127 vinis,
286 2069 369 2113 certe
382 2056 594 2127 sapientissimis
609 2058 761 2125 praesidiis
774 2057 805 2111 id
820 2060 977 2113 effecturus
992 2058 1099 2116 suisset.

212 2144 349 2198 Bdhme
373 2142 533 2212 liupral.
560 2159 589 2211 p.
606 2142 685 2208 6511.

146 2280 175 2345 i)
200 2278 248 2337 En
267 2276 411 2347 quaedam
433 2276 579 2328 humanae
602 2274 713 2327 mentia
736 2277 924 2347 arrogantia,
951 2297 1039 2348 quam
1058 2282 1132 2334 salso
1154 2300 1219 2334 mo·

182 2362 299 2417 deliiam
323 2363 576 2431 interpretantur,
612 2376 684 2429 qua,
719 2359 769 2411 nbi
791 2360 821 2412 in
846 2380 945 2415 rerum
967 2375 1076 2417 natura
1103 2366 1219 2437 aliquid

185 2446 311 2513 accidit,
336 2448 409 2515 qnod
428 2464 489 2497 non
510 2444 606 2497 statim
630 2461 665 2495 ex
686 2444 778 2497 caufic
798 2446 972 2512 physiciset
987 2448 1152 2503 moralibus
1169 2468 1218 2504 cx-

187 2529 294 2600 plicari
316 2530 561 2598 posse'videatur,
586 2529 617 2580 id
638 2512 781 2581 continuo
802 2530 1009 2596 immediatae,
1041 2548 1117 2599 quae
1136 2533 1218 2601 leget

185 2624 308 2667 naturae
323 2614 530 2683 interrumpat,
548 2613 604 2665 Dei
622 2613 774 2663 efficaciae
788 2612 972 2665 attribuitur.
1008 2617 1046 2666 At
1059 2616 1219 2671 modestum

182 2702 383 2770 indagatorem
396 2700 499 2765 dccet,
515 2699 565 2750 uhi
582 2699 649 2750 talio
664 2708 787 2751 eventus
800 2700 901 2749 causae
916 2698 1066 2751 naturales
1080 2708 1112 2749 et
1125 2699 1218 2753 inter·

179 2786 291 2841 mediae
311 2802 371 2838 nou
392 2786 488 2836 stetim
510 2785 666 2853 reperiat,
693 2799 795 2833 aarum
814 2784 1096 2837 animadverlionem
1113 2783 1216 2839 futuro

178 2870 306 2941 tempori
326 2872 507 2923 reservatam
528 2868 629 2937 potius
650 2868 842 2934 exspectare,
870 2886 960 2937 quom
983 2868 1127 2920 continuo
1149 2888 1217 2938 pro·

177 2958 258 3029 digia
280 2966 310 3007 et
333 2954 481 3007 miracula
506 2952 527 3006 i.
545 2970 569 3003 e.
590 2960 712 3003 eventus
733 2951 949 3019 supernaturali
972 2953 1061 3005 modo
1085 2956 1215 3024 eslcetot,

174 3042 339 3107 somniare,
364 3040 393 3091 id
409 3038 502 3109 quod,
529 3052 587 3107 quo
602 3036 706 3087 rudior
722 3044 752 3086 et
766 3035 910 3089 incultior
931 3038 1022 3089 homo
1044 3039 1153 3105 suerit,
1180 3059 1215 3093 eo

176 3126 362 3197 frequentius
382 3124 501 3177 accidit.
546 3120 649 3177 Nihilo
664 3121 761 3173 minue
775 3138 857 3173 mena
871 3122 1017 3187 humana,
1042 3125 1096 3177 etsi
1116 3125 1149 3177 in
1167 3142 1216 3178 re·

172 3214 227 3269 buo
246 3213 384 3266 sensuum
406 3226 462 3279 ope
484 3206 686 3277 percipiendis
705 3205 849 3274 temporie
864 3224 899 3259 ac
913 3206 1003 3275 spatii
1019 3206 1169 3265 limitibus
1185 3220 1216 3263 ct

175 3296 366 3365 causasirotis
379 3294 439 3361 legi
455 3292 613 3345 necessario
629 3290 763 3343 adstricta
778 3291 832 3356 est,
851 3300 951 3341 tamen
967 3292 1111 3361 religione
1125 3294 1215 3346 dueta

173 3386 212 3453 (ς.
227 3384 288 3451 5.),
308 3396 499 3451 quaecunque
514 3376 544 3427 iu
559 3395 660 3429 rerum
674 3386 780 3427 natura
794 3375 964 3440 evenerint,
984 3378 1019 3426 ad
1034 3379 1131 3429 Deum
1145 3395 1215 3446 pro·

135 3532 137 3535 ι
173 3468 341 3531 ridentem,
360 3464 471 3517 scilicet
487 3464 602 3514 causam
619 3462 801 3529 supremam,
820 3459 868 3528 pie
882 3458 999 3512 referre
1014 3455 1101 3515 valet.
1139 3462 1214 3514 Sunt

177 3552 297 3623 quidem
312 3559 433 3603 eventui
447 3548 478 3599 in
496 3564 597 3599 rerum
612 3554 733 3608 natura,
753 3560 878 3613 quorum
892 3548 1010 3611 causae,
1030 3546 1105 3599 licut
1118 3544 1214 3597 ratio·

176 3652 227 3687 nar
242 3644 272 3687 et
285 3636 368 3703 leger
383 3642 523 3696 naturae,
547 3630 684 3699 aquibus
700 3628 746 3679 illi
761 3628 909 3697 pendent,
935 3631 972 3682 ob
992 3630 1100 3683 mentio
1117 3629 1212 3679 imbe-

179 3719 333 3773 cillitatem
347 3727 400 3771 aut
414 3715 617 3786 experientiae
632 3714 785 3767 desectum
799 3729 859 3763 uon
875 3716 1014 3766 omnihus
1029 3732 1063 3765 ex
1079 3712 1211 3781 partibas

179 3810 208 3854 et
222 3803 305 3871 plana
320 3807 439 3873 possunt
455 3799 614 3869 cognosci,
635 3815 660 3849 e.
675 3816 700 3850 c.
716 3799 919 3867 generationis
936 3799 1113 3867 mysterium.
1150 3800 1209 3851 Ne·

180 3904 237 3957 que
249 3898 344 3941 tamen
358 3887 427 3939 inde
438 3884 576 3939 concludi
593 3884 700 3952 potest,
718 3883 818 3936 causor
831 3892 861 3934 et
875 3884 953 3953 leger
967 3900 1015 3934 ear
1028 3880 1076 3931 hie
1089 3880 1209 3933 omnino

175 3972 274 4025 locum
290 3992 350 4027 non
365 3973 490 4039 habere,
515 3978 545 4020 et
561 3971 656 4040 ipsum
672 3966 797 4021 Deum
788 3984 818 4018 tn
840 3968 947 4018 mundo
964 3963 1094 4019 sensibili
1114 3966 1209 4017 inter·

175 4058 244 4111 dum
265 4060 324 4111 sine
346 4060 496 4111 causarum
516 4054 762 4107 intermediarum
776 4051 984 4104 interventus.
999 4022 1165 4101 immediate
1180 4058 1210 4102 et

164 4144 388 4211 supernaturali
408 4142 496 4196 modo
511 4140 639 4211 operari.
675 4142 811 4207 Namque
824 4140 904 4190 Dauo
922 4135 985 4205 ipso
1000 4136 1087 4229 'leger
1108 4133 1208 4205 cogni-

172 4228 264 4285 tionis
284 4230 431 4285 humanae
451 4226 495 4281 ita
515 4223 688 4293 coustituit,
713 4232 766 4291 ut,
790 4236 984 4295 quaecunque
997 4217 1029 4273 in
1042 4236 1145 4275 rerum
1159 4236 1208 4272 ua·
