2792 4759
232 365 292 437 De
309 365 426 434 fluat.
445 363 564 458 dogm.
572 362 665 460 syfl.
682 379 773 436 reote
787 367 1028 458 rompouendo.
1106 375 1179 442 tot

87 535 355 612 Protestantium
372 552 492 612 coetus
512 552 547 611 et
568 535 704 614 scholas
725 540 876 614 iniectae
892 537 991 632 suut,
1026 537 1123 640 quod
1145 553 1180 612 et

86 641 245 714 doctrina
261 655 297 714 et
312 639 453 713 ecclelia
468 640 670 741 evangelica
686 639 849 716 homines
866 643 899 714 ei
915 641 1075 716 addictos
1094 665 1180 742 pro-

85 769 142 814 nos
165 758 204 816 et
225 757 386 843 prumtos
404 740 531 816 reddat
550 743 596 816 ad
609 738 797 818 seditiones
811 759 845 816 et
859 743 1077 844 reiprdtlicae
1092 769 1179 816 con·

82 845 277 937 versiones,
310 843 474 934 nonest,
507 845 606 943 quod
625 845 717 918 serio
740 870 798 920 eas
820 845 974 920 resutare
997 871 1178 937 conemur,

80 968 191 1044 qtmm
216 945 362 1048 prorsus
380 945 553 1019 absurdae
573 962 609 1020 et
629 946 797 1022 historiae
811 947 1020 1021 testimoniis
1037 961 1178 1020 contra-

80 1050 149 1122 riae
166 1049 248 1123 lint.
285 1050 382 1122 luter
394 1073 514 1120 omnes
527 1051 624 1121 enim
638 1051 789 1140 constat,
811 1051 1041 1122 Protestantes
1054 1073 1177 1144 omnes

80 1151 115 1222 in
131 1175 175 1224 eo
191 1151 402 1240 convenire,
425 1165 466 1221 ut
472 1205 482 1240 ,
504 1150 581 1222 lesu
591 1149 723 1224 Christi
737 1167 771 1223 et
785 1151 887 1225 Pauli
900 1150 1060 1251 Apostoli
1074 1173 1178 1251 prue-

81 1254 189 1354 teptis
205 1255 271 1355 pie
286 1251 515 1350 obsequentes
530 1249 679 1350 (Manh.
698 1267 756 1346 tt,
774 1267 831 1328 21.
860 1255 1077 1346 Rom.13,1.
1095 1250 1175 1349 ol),

100 1357 245 1428 uamvis
264 1353 461 1455 legitimam
477 1355 695 1470 reipublicae
715 1355 919 1455 potestatem
937 1369 1175 1428 revereantur.

79 1379 265 1531 sraeterea
297 1480 380 1528 vera
411 1452 559 1527 historia
592 1457 714 1548 docet,
757 1457 932 1530 eiusmodi
957 1457 1177 1556 reipublicae

79 1560 365 1659 perturbationes
377 1559 679 1659 imperiorumque
693 1558 929 1632 revolutiones
943 1561 982 1631 in
995 1559 1098 1632 terris
1109 1558 1178 1632 Ca-

79 1659 298 1735 tholicorum
313 1661 480 1758 regimini
497 1659 666 1734 subiectis
688 1661 827 1759 saepius
850 1657 1030 1753 accidisse,
1063 1685 1177 1760 quum

77 1763 260 1864 principes
266 1761 538 1836 Protestantium
548 1761 730 1836 doctrinae
745 1761 879 1836 addicti
894 1761 1005 1834 iustae
1016 1763 1177 1836 subdito-

77 1889 158 1936 rum
173 1865 301 1940 causae
319 1864 432 1963 magis
447 1863 565 1936 serere
579 1864 728 1956 soleant,
763 1890 878 1962 neque
894 1891 953 1937 eos
967 1862 1177 1938 dominandi

78 1967 289 2070 impotentia
306 1965 352 2038 ad
369 1965 648 2065 desperationem
664 1965 842 2040 adducant
858 1964 904 2065 l).

110 2137 141 2202 e)
159 2135 314 2188 astruet
327 2130 454 2202 Histoire
464 2134 513 2186 der
521 2131 686 2187 variatione
696 2137 744 2188 der
756 2135 860 2202 dgsiser
873 2135 1069 2203 protestantes.
1088 2135 1175 2192 v.11.

145 2219 475 2289 Per.1688.ree.r73o.
495 2218 517 2271 Ι.
541 2217 633 2286 praei.
651 2235 679 2286 p.
692 2237 720 2287 4.
757 2221 803 2274 Cl.
823 2222 985 2290 leoquee
1004 2221 1175 2294 Bnuasse

143 2301 222 2372 Hip.
237 2303 271 2355 de
286 2301 463 2370 ulisse-⁸·
482 2300 617 2357 narrent.
635 2303 710 2376 1699.
730 2321 791 2359 reo.
808 2321 882 2376 1725.
901 2307 930 2358 11
943 2305 1019 2360 volt.
1038 2306 1061 2362 s.

113 2425 145 2488 lt)
166 2424 310 2476 Ammon
325 2422 407 2491 Auos.
421 2424 534 2477 Unterr.
549 2423 580 2475 in
594 2423 621 2475 d.
632 2422 697 2480 cnr.
709 2425 755 2481 Gt
775 2427 799 2480 1.
815 2434 867 2498 478
879 2427 910 2480 ll'.
945 2407 1198 2482 thchir'nw

154 2506 213 2558 Der
230 2507 376 2560 Uelmritt
396 2508 445 2559 der
460 2505 533 2562 Hrn.
549 2524 575 2561 u.
591 2505 693 2560 Hester
715 2528 766 2562 zur
786 2511 865 2564 leeth.
880 2509 985 2562 Kirclre
1008 2511 1175 2565 heleuthtet.

152 2591 188 2644 1..
204 2597 278 2652 18¹1.
301 2593 376 2658 3511.
412 2589 458 2645 Ei.
479 2591 535 2644 Die
549 2590 660 2658 Gesoin
678 2593 757 2644 einer·
777 2594 926 2661 deutschen
940 2592 1114 2645 Revolutien
1128 2593 1176 2646 ie·

149 2675 283 2731 lentim.
307 2673 339 2727 1.
355 2683 430 2736 ¹8²¹·
454 2677 488 2744 64
500 2677 532 2730 li.
566 2675 612 2729 Ei.
631 2665 886 2745 Protejiantismue
901 2693 929 2729 u.
945 2675 1175 2732 Ketiolirismut

148 2781 200 2819 cue
214 2764 276 2817 dm
289 2760 485 2830 Standpuncte
498 2760 548 2813 cler
560 2761 672 2814 Politilr
686 2761 852 2816 betroehttt.
876 2775 903 2832 5.
917 2760 948 2817 A.
972 2762 1006 2815 L.
1022 2768 1098 2833 1825·

111 2886 140 2954 e)
158 2884 188 2940 Si
203 2884 255 2956 qui
271 2880 472 2960 contendunt,
487 2879 714 2936 Protesteutium
727 2881 890 2938 doctrinam
904 2883 1067 2938 certissimis
1081 2883 1173 2956 etiem

143 2978 176 3023 et
193 2967 366 3024 firmiffimir
386 2964 540 3035 religionis
559 2964 687 3020 decretis
708 2965 909 3038 intercedere,
936 2977 966 3022 et
985 2969 1036 3022 luo
1057 2970 1174 3042 semper

144 3052 306 3126 quaerendi
320 3060 350 3104 et
363 3049 522 3119 indagandi
539 3050 677 3119 prolubio
691 3050 935 3107 incertitudinem
952 3060 981 3102 et
999 3052 1172 3122 opinionum

143 3136 256 3191 uffitin
270 3137 417 3204 excitem,
441 3136 473 3189 hi
488 3133 576 3188 tacite
596 3134 645 3187 rel
665 3133 775 3188 erroris
793 3135 842 3187 rel
861 3133 1027 3188 calumniae
1047 3141 1173 3194 convin-

144 3233 260 3277 euntur.
295 3221 490 3276 Proteltentee
510 3216 588 3272 euim
609 3235 669 3272 uon
686 3218 855 3276 uetur-elem
875 3218 969 3272 tolum
983 3221 1039 3275 Dei
1059 3226 1173 3280 revela·

142 3306 257 3360 tionem
274 3304 323 3359 via
340 3303 467 3358 rationis
487 3313 519 3358 et
536 3303 736 3362 eonscientiae
755 3304 840 3358 uobis
855 3303 982 3360 inditam
998 3307 1172 3381 lequuntur,

141 3391 193 3446 sed
206 3389 300 3443 etiem
312 3388 494 3459 ‘scripturam
512 3388 625 3442 luerem
638 3387 753 3444 sautem
769 3387 922 3458 religionis
941 3387 1010 3462 iplie
1030 3391 1085 3447 οπο
1103 3411 1174 3466 pro·

143 3476 284 3540 fitentur,
303 3471 335 3525 iu
349 3490 441 3542 eaque
454 3471 583 3528 divinem
597 3490 735 3528 verorum
748 3471 900 3544 religionis
913 3483 944 3528 et
958 3477 1075 3532 virtutis
1088 3497 1174 3550 pree·

103 3592 110 3601 ·
145 3568 302 3630 ceptorum
315 3556 522 3611 auctoritatem
535 3557 714 3628 agnoscunt3
733 3567 947 3630 proptereaque
961 3557 1091 3614 diversae
1101 3560 1174 3616 Pro·

148 3643 314 3696 testantium
335 3643 433 3697 [omae
454 3639 600 3696 immune·
618 3642 648 3696 ie
670 3658 686 3694 e
707 3639 897 3711 gravioribus
919 3643 1072 3700 erroribue
1092 3647 1174 3702 tueri

147 3727 277 3797 poliunt,
301 3735 331 3780 et
345 3723 476 3796 quemvis
497 3725 529 3778 iu
547 3723 668 3778 serioris
686 3725 830 3788 momenti
851 3725 976 3780 decretis
994 3727 1173 3802 dissentiant,

146 3818 245 3864 temen
261 3811 293 3864 in
313 3810 422 3866 ceteris
440 3808 623 3882 periortffiur
644 3810 764 3864 omnino
780 3808 957 3881 conspirant.
993 3813 1055 3864 Neo
1073 3811 1174 3867 desue-

142 3905 214 3951 nurt
227 3896 342 3963 iactae,
368 3911 443 3968 quae
456 3895 574 3950 labente
589 3904 741 3965 tempore,
766 3895 818 3950 illa
834 3895 959 3949 rationis
972 3895 1076 3964 regule
1091 3897 1173 3952 edhi-

138 3981 222 4048 tite,
247 3981 377 4036 multum
398 3977 598 4051 profecerint,
621 3978 936 4050 utAnatapstflamm,
963 3979 1171 4052 Quaterorum,

136 4067 420 4120 Herrnlrutianorum
435 4063 473 4118 al.
489 4061 656 4132 exemplum
670 4063 765 4116 docet.
801 4063 955 4115 Praeterea
969 4064 1171 4136 Proteiieutee,

138 4169 232 4224 quum
248 4143 418 4220 progressus
432 4147 538 4200 artium
554 4165 588 4198 ue
603 4145 827 4216 disciplinarum
848 4163 902 4215 pro
919 4147 968 4201 sue
983 4151 1171 4218 pertentium

134 4237 169 4289 in
180 4233 345 4289 excolende
358 4231 510 4304 religionis
524 4232 652 4287 teieutr'e·
660 4231 833 4302 imitentur,
858 4247 893 4286 eo
907 4231 970 4304 ipio
984 4233 1039 4290 uti
1050 4246 1167 4309 meent,
