2792 4759
527 352 585 421 De
604 353 805 444 Religione,
1181 376 1219 459 ,3

140 530 171 599 l)
190 522 363 596 Religioni·
385 530 503 591 etymon
518 520 556 574 eb
570 520 636 575 aliie
654 521 714 575 alia
727 521 844 576 ratione
863 523 1047 591 explicatum
1065 527 1115 581 en.
1149 529 1216 587 vid.
1236 580 1240 587 ,

170 606 385 666 Lactantii
406 604 549 662 Inliitutt.
566 606 624 659 div.
644 606 665 661 l.
682 609 731 661 tv.
752 626 778 661 e.
794 616 837 669 ιδ.
870 609 963 675 „Hac
983 610 1155 665 conditione
1174 615 1221 683 gi.

171 697 313 767 goimur,
339 702 374 745 ut
391 691 547 761 generanti
563 692 694 745 noeDeo
713 691 787 747 insta
806 704 837 746 et
858 694 957 747 debita
974 697 1115 767 ohlequia
1134 716 1218 766 prae·
1283 703 1288 711 '

172 781 314 841 hermen
341 778 424 831 hunc
443 775 540 829 solum
559 776 745 842 noverimua;
770 778 849 831 hunc
867 780 1033 847 icquatnur.
1070 784 1137 835 Hoc
1154 783 1216 836 vin-

173 865 243 919 culo
258 862 385 933 pietatia
403 858 551 929 obstricti,
578 862 642 913 Deo
664 863 783 929 religati
801 865 915 928 iumue3
941 866 1018 917 unde
1034 865 1097 935 ipia
1113 868 1217 935 religio

171 954 253 1015 [non
269 947 376 1012 religia
394 944 443 996 led
461 946 617 1013 religatio,
637 964 663 997 v.
679 946 742 998 Cic.
756 947 871 1001 Senect.
892 968 917 1002 c.
933 954 992 1016 15.]
1008 967 1118 1003 nemen
1132 968 1217 1004 acce-

174 1034 242 1105 pit,
266 1048 326 1083 non
346 1037 379 1082 ut
396 1028 501 1081 Cicero
521 1028 736 1098 interpretatur
757 1032 814 1098 en,
840 1050 857 1085 n
873 1032 1044 1102 relegendo.
1062 1062 1098 1075 -
1130 1035 1217 1087 Dixi·
1308 1090 1313 1103 ‚

175 1132 263 1181 mue,
280 1132 385 1169 nomen
399 1113 559 1183 religionis
575 1133 592 1167 a
607 1114 727 1169 vinculo
743 1115 862 1185 pictatia
876 1119 931 1171 elie
944 1118 1117 1186 deductum,
1135 1120 1216 1191 quod

178 1200 333 1255 homiaem
347 1202 395 1253 fibi
412 1202 493 1255 Deur
514 1195 688 1267 religaverit
708 1209 738 1251 et
758 1199 872 1269 pictate
890 1201 1116 1255 constrinxerit:
1142 1204 1214 1275 quie

185 1284 295 1341 [ervire
307 1302 356 1339 nor
370 1286 415 1355 ei,
436 1295 469 1339 ut
484 1284 621 1350 domino,
640 1293 669 1335 et
684 1283 821 1353 obsequi,
840 1294 875 1337 nt
890 1283 984 1354 patri,
1003 1289 1117 1339 necelia
1132 1292 1210 1345 est.”

184 1370 393 1437 adstipulantur
406 1368 562 1423 Lactantio
579 1368 834 1435 Hieronymne
852 1369 884 1419 in
898 1371 994 1421 Amor.
1013 1386 1038 1421 c.
1052 1386 1078 1439 9.
1100 1383 1129 1426 et
1144 1375 1214 1430 Au.

182 1454 300 1525 gallin
311 1472 350 1508 ue
369 1456 546 1507 Retractatt.
566 1454 590 1505 1.
614 1468 655 1519 13.
684 1451 768 1517 „Uni
784 1455 847 1507 Deo
864 1456 1020 1522 religantes
1034 1456 1145 1513 animae
1159 1478 1215 1516 no.

178 1538 259 1607 Brea,
281 1538 359 1592 unde
374 1540 479 1606 religio
494 1537 574 1590 dicta
590 1536 763 1590 creditur.”
799 1538 846 1591 De
860 1557 930 1593 vara
944 1539 997 1591 rel.
1018 1557 1043 1592 c.
1057 1555 1101 1609 55.
1129 1545 1213 1613 „Re-

175 1626 251 1691 ligat
268 1641 323 1677 nor
342 1623 446 1689 religio
463 1620 663 1691 omnipotenti
676 1621 758 1686 Dec,
784 1622 860 1675 unde
877 1624 933 1677 rel.
948 1623 1029 1676 dicta
1044 1627 1214 1685 creditur.”

171 1712 348 1777 (Ammon
368 1706 520 1774 Ansfillarl.
542 1706 709 1759 Unterricln
730 1708 762 1759 in
784 1708 833 1759 der
854 1708 962 1776 clarifil.
979 1708 1213 1774 Glanbenelelere.

171 1794 205 1848 B.
219 1796 244 1847 1.
275 1802 352 1861 ¹807·
374 1807 414 1845 tt.
457 1789 503 1842 Ei.
527 1790 646 1843 Summa
668 1790 853 1861 Theologiae
873 1790 979 1845 Christ.
1010 1794 1062 1847 Ed.
1079 1811 1105 1863 5.
1134 1802 1211 1861 1316,

169 1896 200 1949 p.
221 1897 248 1948 4.
285 1873 593 1931 Bretichneidar
615 1874 729 1929 Hondb.
752 1877 779 1927 d.
797 1876 962 1941 Dogmatila.
987 1878 1010 1930 Ι.
1036 1879 1115 1949 Lipi.
1132 1894 1209 1955 ¹814·

170 1964 223 2018 Ed.
239 1980 266 2017 a.
291 1970 368 2023 18²2.
392 1963 447 2025 r.);
473 1958 530 2011 alio
545 1969 644 2013 tamen
659 1958 726 2011 loco
742 1959 916 2029 Augustinus
933 1960 969 2011 da
984 1962 1071 2016 Cirit.
1086 1966 1152 2023 Dei.
1171 1972 1208 2027 Χ,

169 2067 196 2103 c.
211 2068 238 2118 4.
258 2048 295 2099 ad
309 2044 466 2099 Ciceronie
487 2042 700 2113 expolitionem
721 2043 845 2112 propius
865 2044 997 2100 aceedit:
1029 2087 1047 2116 ‚,
1057 2052 1122 2123 lpse
1141 2054 1209 2112 ione

170 2130 509 2196 noltreebeetitodioia,
535 2129 601 2199 ipio
617 2126 711 2181 amnia
732 2125 925 2197 appetitionie
946 2130 986 2181 eli
1005 2134 1084 2189 finie.
1120 2140 1210 2198 Hunc

170 2220 336 2290 eligentae,
362 2217 410 2270 vel
431 2216 532 2287 potine
552 2214 706 2279 religentes
726 2210 928 2279 (amiseramne
951 2216 1031 2269 anim
1052 2221 1210 2293 negligan-

170 2310 246 2373 ter),
273 2305 354 2357 hunc
375 2317 446 2370 crgo
466 2300 642 2369 religentee,
668 2296 745 2349 unde
761 2306 792 2349 at
807 2298 911 2362 religio
926 2296 1005 2352 dicta
1021 2304 1207 2379 perhibetur,

171 2390 209 2443 ad
224 2406 291 2441 euni
306 2388 466 2440 dilectione
480 2382 645 2447 tendimue,
665 2390 700 2432 ut
713 2381 912 2450 perveniendo
926 2383 1107 2452 quieidanaur
1121 2402 1178 2450 etc.
1188 2398 1207 2425 ”

174 2475 315 2526 Ceterum
326 2472 396 2523 licet
409 2469 506 2522 verbis
523 2466 582 2519 illia
598 2466 711 2531 legendi
729 2474 758 2515 et
773 2466 889 2531 ligandi
903 2483 960 2518 una
975 2471 1135 2543 eademque
1149 2481 1209 2533 σοι.

180 2558 290 2624 ligendi
306 2556 387 2607 natio
401 2554 488 2607 ineile
504 2552 652 2614 videatur,
680 2558 779 2599 tamen
795 2549 917 2600 verbnm
934 2550 1080 2616 religandi
1101 2568 1132 2609 et
1151 2579 1206 2614 no.

174 2658 245 2695 men
264 2640 443 2705 religationis
459 2638 537 2707 apud
551 2638 701 2689 Romanoa
719 2630 856 2699 nuspiam
870 2632 953 2683 icnlu
969 2638 1096 2701 quodam
1115 2654 1209 2699 meta.

171 2724 299 2797 phorico
315 2723 389 2775 dieta
402 2723 478 2775 lunt.
523 2718 673 2773 Mittimus
690 2719 767 2770 Mal
771 2718 785 2769 l
791 2713 916 2768 urium
934 2714 1128 2795 Sabinum,
1153 2730 1207 2799 qui

168 2810 338 2877 religiosum
356 2807 377 2861 i.
393 2826 417 2861 e.
434 2804 512 2877 qnod
527 2814 650 2874 propter
664 2802 851 2856 sanctitatem
866 2800 995 2871 aliquam
1009 2818 1156 2866 remotum
1172 2834 1208 2872 aa

167 2894 324 2965 iepolitum
339 2909 356 2943 a
370 2890 455 2943 nohia
471 2890 528 2957 eit,
548 2908 563 2941 e
580 2890 767 2958 relinquendo
782 2884 896 2939 dictum
912 2886 968 2939 elie
983 2888 1081 2944 docuit
1095 2895 1207 2963 (Gal.

166 2980 216 3033 lii
235 2980 321 3031 Noct.
338 2980 398 3030 Att.
416 2976 466 3027 IV.
484 2976 548 3043 9.),
569 2982 600 3026 et
614 2970 769 3042 Nigidii
788 2971 963 3025 verliculum
976 2972 1047 3028 ibid.
1063 2978 1203 3038 alletnne

165 3063 373 3135 „Religentem
396 3060 453 3112 elie
475 3067 610 3127 oportet,
636 3058 801 3122 religiosum
821 3058 932 3110 neiaa¹'
950 3059 979 3111 h.
995 3076 1021 3111 e.
1041 3062 1092 3131 qui
1112 3064 1207 3123 nimia

164 3148 317 3223 religione
331 3146 392 3199 ieie
409 3141 562 3212 adligavit.
599 3140 757 3195 Audiamus
770 3156 841 3211 prae
855 3142 962 3196 cetaria
978 3143 1204 3210 Ciceronem

166 3234 204 3289 de
218 3242 280 3287 nat.
295 3232 376 3284 deor.
395 3230 433 3282 ΙΙ.
454 3246 479 3279 o.
494 3236 555 3287 aa:
582 3226 666 3297 „Qui
680 3223 794 3292 omnia,
813 3242 886 3295 quae
900 3228 935 3279 ad
950 3229 1065 3281 cultum
1079 3232 1203 3292 deorum

164 3318 368 3391 pertinerent,
394 3311 556 3381 diligenter
576 3316 793 3374 retractarent,
821 3318 852 3360 et
870 3318 1011 3380 tanquam
1032 3302 1201 3392 relegeient,

161 3408 232 3461 Iunt
244 3400 317 3454 dicti
332 3398 474 3465 religiosi,
494 3413 528 3448 ex
545 3394 709 3461 relegendo,
722 3401 756 3445 nt
770 3394 913 3459 elegantes
928 3412 962 3447 ex
977 3396 1125 3470 eligendo,
1138 3414 1204 3458 tan.
1270 3450 1276 3457 ,

162 3505 254 3561 quam
269 3503 285 3537 a
300 3484 448 3549 diligendo
463 3482 635 3547 diligentes,·
660 3494 695 3529 er
709 3478 899 3543 intelligendo
914 3480 1130 3546 intelligentur
1154 3487 1202 3541 hie

165 3574 250 3629 enim.
261 3570 294 3623 in
309 3568 406 3630 verbis
422 3566 558 3629 omnibus
573 3562 646 3613 inest
660 3560 704 3613 vir
719 3560 839 3630 legendi
855 3563 971 3632 eadem,
995 3582 1070 3635 quae
1085 3566 1116 3628 in
1129 3569 1201 3630 reli.

163 3656 288 3729 gioio.”
323 3652 371 3707 Gi.
390 3662 420 3704 et
435 3652 549 3703 Varro
569 3647 604 3699 de
619 3645 692 3713 ling.
708 3644 760 3697 lat.
782 3646 812 3696 V.
831 3646 874 3705 68.
899 3645 954 3700 Ed.
970 3648 1037 3719 Bip.
1080 3640 1201 3721 Optimo

163 3742 334 3813 explicatur
348 3736 429 3788 dicto
444 3734 497 3787 illo
513 3728 730 3796 Ciceroniano,
750 3731 898 3798 quomodo
912 3731 1061 3803 religione
1076 3737 1198 3793 omnino

93 3840 98 3851 '
162 3823 340 3896 diligentia,
371 3819 498 3873 studium
518 3814 682 3885 lingulnre,
714 3812 813 3865 cautio
834 3830 893 3867 non
911 3825 1024 3869 temera
1044 3820 1151 3887 agendi
1170 3834 1202 3880 et

161 3911 301 3966 credendi
318 3899 664 3975 (Gerniffenlaastiglreit),
688 3897 747 3951 fine
767 3914 823 3966 qua
842 3916 911 3951 vera
932 3900 1040 3968 religio
1060 3902 1120 3953 elie
1140 3920 1201 3963 non

161 3997 276 4069 potell,
294 4008 365 4047 cura
380 3990 506 4060 deniqne
520 3997 550 4041 at
563 3981 747 4039 caerimonia
760 3982 881 4037 dearum
894 3983 1084 4053 significetur.
1121 3988 1199 4048 cto.

162 4083 200 4137 da
217 4081 330 4134 invent.
349 4077 391 4130 11.
415 4090 441 4128 c.
454 4091 499 4129 aa.
519 4088 564 4141 53·
608 4067 750 4121 Ernetti
772 4066 871 4120 Clavia
885 4068 949 4120 Cic·
971 4064 1000 4117 h·
1017 4084 1044 4119 a.
1060 4060 1204 4128 Ecteoss.

157 4182 270 4223 marin
286 4160 449 4213 Handluale
459 4158 515 4227 sile
528 4158 581 4207 das
592 4152 811 4223 syfieenaiisalie
825 4152 957 4205 Studium
973 4152 1000 4205 d.
1017 4151 1203 4227 elira'jllialim

157 4242 514 4307 Glonlenslelare.'1·h.·1,
531 4246 612 4303 lint·
631 4254 646 4291 2
662 4236 693 4293 ff·
728 4257 737 4269 ,.
749 4308 784 4380 Α
811 4322 832 4385 2
