2792 4759
182 380 229 445 88
395 372 662 463 Prolegomena.
715 368 888 463 Caputl.
938 360 971 466 §.
1006 382 1061 443 11.

181 544 242 616 via
266 540 420 615 naturali
442 558 557 617 rectae
579 540 729 617 rationis
753 543 798 616 de
820 544 896 616 Deo
926 543 1075 645 eiusque
1103 541 1287 617 voluntate

182 644 249 746 ipsi
266 644 503 737 innotuerint,
531 645 720 745 diligenter
740 660 950 745 componat,
976 662 1011 717 et
1028 642 1185 719 adhunc
1201 672 1288 719 nor-

182 772 280 819 mam
310 747 380 819 sine
409 750 508 820 omni
535 746 780 847 superstitione
804 749 986 820 examinet
1000 745 1048 845 ¹).
1107 748 1289 846 Numqui

183 847 253 921 hae
275 874 397 919 norma
421 850 459 921 in
482 848 702 949 exploranda
728 848 928 948 religionis,
963 874 1055 948 (puae
1077 846 1290 949 supernatu-

183 950 295 1023 ralem
320 948 354 1021 se
377 950 604 1051 profiteatur,
639 952 788 1022 veritate
812 953 868 1022 uti
893 951 1066 1041 noluerit,
1100 953 1135 1024 ei
1160 976 1288 1023 veren-

184 1052 272 1123 dum
289 1048 389 1144 esset,
417 1080 478 1145 ne,
505 1052 638 1125 sisorte
653 1052 804 1124 daemon
820 1053 950 1151 aliquis
965 1068 1027 1125 aut
1042 1050 1151 1125 homo
1171 1052 1205 1122 se
1219 1052 1291 1125 Dei

183 1154 340 1254 legatum
364 1156 590 1253 profiteretur
611 1156 714 1253 isque
737 1154 823 1226 salsa
846 1170 908 1227 aut
930 1155 1024 1227 aiala
1047 1182 1114 1253 pro
1134 1154 1230 1227 veris
1253 1167 1291 1225 et

184 1252 341 1331 honestis
358 1256 542 1329 venditare
564 1256 730 1347 auderet,
757 1256 888 1355 placita
905 1255 1043 1327 suumin
1062 1257 1208 1329 numine
1230 1256 1290 1327 in·

185 1357 388 1457 dignissima
412 1374 584 1458 tunquam
608 1359 654 1431 ab
680 1356 757 1458 ipso
782 1358 937 1430 revelate
964 1358 1032 1429 sibi
1055 1358 1292 1431 obtruderen-

185 1474 265 1558 tur,
317 1466 483 1547 Accedit,
524 1461 620 1560 quod
645 1460 791 1533 omnino
824 1459 922 1531 nulla
953 1459 1145 1549 revelatio,
1186 1484 1293 1558 quae,

185 1562 274 1633 ficut
290 1560 455 1654 historia,
481 1562 634 1634 aliorum
649 1560 861 1633 testimoniis
884 1562 1030 1652 nititur,
1062 1574 1138 1633 tam
1157 1575 1295 1633 certam

185 1663 291 1735 nobis
313 1664 426 1763 potest
449 1663 705 1763 persuasionem
727 1661 896 1755 induere,
932 1688 1041 1761 quam
1057 1687 1148 1761 quae
1165 1686 1214 1734 ex
1231 1685 1296 1733 ra-

185 1764 283 1839 tione
298 1766 550 1863 proficiscitur,
578 1766 679 1838 cuius
695 1764 836 1837 ‹loe-reta
849 1762 990 1837 homini
1003 1763 1064 1835 sua
1080 1763 1189 1863 ipsius
1204 1788 1294 1835 eon-

186 1864 332 1937 seientia
358 1865 590 1939 mootescunt.
652 1866 733 1957 (glun
761 1868 876 1963 magis
900 1882 1020 1939 autem
1050 1866 1176 1963 religio
1202 1864 1294 1935 inti-

186 1992 265 2038 mae
286 1964 462 2039 humanae
490 1969 619 2041 mentis
648 1967 882 2041 conscientiae
912 1968 1015 2041 inlita
1045 1967 1153 2039 suerit
1183 1980 1293 2064 atque

185 2066 368 2167 impressa,
404 2096 444 2141 eo
470 2073 601 2143 certius
623 2068 732 2143 boitro
756 2070 954 2143 beneficam
977 2070 1053 2141 eius
1075 2071 1151 2141 vim
1174 2067 1294 2157 indi-

187 2171 293 2242 versis
311 2170 599 2245 vitaehumanae
616 2172 918 2244 vicissitudinibus
935 2172 1142 2270 experietur
1158 2168 1202 2268 ε).

289 2274 550 2371 Argumentum
567 2280 715 2369 denique
735 2274 1039 2373 speciosissimum,
1065 2299 1137 2372 quo
1152 2270 1217 2343 esse
1233 2297 1294 2343 re-

187 2374 401 2447 velationem
423 2376 726 2476 supernaturalem
748 2372 919 2466 aslerunt,
951 2380 1135 2469 petitionis
1151 2378 1293 2468 princi-

181 2482 241 2576 pii
249 2530 261 2563 ‚
289 2478 386 2576 qnod
402 2478 508 2577 vulgo
527 2479 675 2570 (licitur,
702 2479 792 2548 vitio
814 2478 1000 2578 premitur.
1052 2478 1093 2549 ld
1113 2478 1211 2549 euim
1230 2474 1292 2547 su-

186 2580 299 2653 mitur
322 2606 369 2651 ex
394 2580 458 2672 iis,
499 2607 589 2679 (puae
619 2582 658 2653 io
688 2580 810 2678 aliquo
836 2580 948 2671 libro,
983 2582 1049 2679 qui
1070 2578 1176 2652 modo
1199 2602 1293 2676 quo-

187 2680 272 2752 dam
300 2679 560 2781 supernaturali
590 2683 772 2755 consectus
800 2678 866 2753 esse
895 2680 1126 2780 perhibetur,
1166 2705 1294 2753 occur-

187 2796 282 2853 runt.
343 2784 440 2855 lluic
465 2800 584 2855 utitem
609 2785 673 2883 ipsi
707 2783 816 2855 sidem
847 2780 914 2855 esse
948 2782 1189 2857 adbibeudam
1220 2780 1294 2854 hoc

187 2898 397 2980 argumento
419 2884 554 2957 scilieet
584 2884 793 2983 persuadere
819 2901 1011 2977 conantur,
1046 2885 1145 2984 quod
1168 2884 1293 2984 super-

188 2984 388 3057 naturalem
406 2986 658 3057 revelationem
676 2986 865 3059 contineat.
908 2990 1032 3086 ltaque
1049 2987 1295 3059 demonstran-

188 3086 277 3156 dum
297 3112 362 3185 pro
382 3086 617 3159 demonstrato
636 3104 784 3187 ponunt.
835 3088 890 3161 Ac
912 3090 938 3161 fi
959 3090 1059 3188 quis,
1086 3103 1128 3161 ut
1147 3088 1207 3178 fit,
1233 3112 1296 3161 ra-

187 3186 297 3259 tionis
323 3185 501 3262 humanae
531 3190 815 3262 imbecillitatem
836 3191 1091 3292 religionisque
1120 3189 1294 3263 naturalis

188 3286 480 3363 insufficientiam
503 3318 522 3364 e
546 3306 692 3393 peccato
709 3292 896 3391 originali,
931 3320 979 3365 ex
994 3294 1095 3394 lnpsn
1110 3291 1297 3392 protopla-

188 3386 323 3463 storum
353 3392 487 3466 scilieet
518 3394 690 3485 oriundo,
731 3394 971 3469 demonstrare
999 3396 1110 3487 velit,
1151 3395 1183 3467 is
1211 3395 1296 3467 sane

189 3492 288 3565 idem
305 3494 437 3566 vitium
453 3498 663 3569 conunittet.

292 3640 464 3698 Wieland
488 3645 575 3697 Ueber
590 3646 619 3696 cl.
637 3646 785 3699 Gabraucli
801 3646 829 3698 d.
843 3644 982 3714 Vemunst
995 3646 1025 3699 in
1037 3646 1299 3714 Glaubcnssachen.

261 3724 393 3781 samnis.
418 3728 460 3783 W.
487 3732 520 3783 B.
541 3732 659 3785 xxxa.
689 3733 746 3784 111.
773 3731 818 3784 ed.
840 3731 997 3786 Gruber.
1042 3733 1183 3797 (Rishr)
1202 3731 1301 3800 Briejo

261 3812 308 3865 tit.
327 3813 352 3864 d.
364 3812 609 3868 Rationalismus.
632 3824 707 3885 ¹8¹5·
744 3816 921 3869 Gebha‘rd
939 3818 992 3869 Dic
1007 3817 1110 3869 senten
1121 3817 1237 3870 Grdnde
1250 3817 1301 3869 du

260 3896 505 3950 Rationalismus.
533 3902 618 3953 Ama.
635 3910 712 3961 ¹82²·
756 3900 911 3953 Gnrlttt
934 3900 1010 3951 neae
1031 3919 1082 3953 zur
1103 3900 1301 3969 Empsthlung

262 3982 312 4033 des
331 3982 628 4050 Vernunstgebruuclis
648 3986 692 4037 bei
711 3987 771 4036 dem
787 3986 920 4037 Studium
936 3986 985 4036 der
1003 3984 1165 4053 Theologic.
1190 3982 1300 4037 Hamb.

264 4072 338 4125 1822.
359 4082 385 4133 4.
413 4084 438 4120 ο.
454 4068 486 4121 A.
509 4075 583 4137 ¹8²5·
620 4068 680 4122 Ch.
698 4072 728 4123 F.
744 4072 882 4125 esame
897 4071 954 4122 Die
968 4071 1058 4123 sache
1072 4072 1121 4121 des
1135 4068 1301 4121 ran'onatm

263 4151 564 4215 Supernoturulismnr
579 4154 654 4205 narsi
664 4154 721 4206 tin.
733 4153 900 4223 obertofpr.
914 4157 952 4209 D.
963 4156 1097 4209 Ammona
1111 4154 1304 4224 „disciderit-

261 4234 378 4287 wom”
397 4238 520 4290 duritiei·
531 4240 650 4307 gepriift
669 4240 834 4295 marsillin.
859 4242 956 4297 Neris.
973 4248 1050 4308 18¹5.
