2792 4759
91 379 151 446 De
165 379 285 446 divino
299 376 377 472 inst.
388 371 529 470 salatia
541 376 637 444 lmma
646 363 713 468 per
724 375 755 444 1.
766 363 849 444 Cli'r.
866 365 1096 467 repbrnndae.
1123 373 1196 454 m

90 553 238 668 quentes
255 547 437 624 interdum
457 547 592 650 partim
607 545 778 646 abrabae
798 559 834 624 et
855 545 896 624 τδ
910 535 1034 644 πῶμ’
1045 549 1197 646 eiusdi-

88 652 267 752 ltinguere
284 649 410 749 (Rom.
432 665 466 742 1,
485 666 519 726 8.
548 665 582 742 9,
599 658 633 725 ⁵.
665 665 681 726 1
700 649 792 723 Petr.
811 657 847 744 4,
866 647 921 750 1.)
928 708 939 744 ,
972 655 1105 754 partim
1121 652 1200 728 for·-

90 756 198 828 mulis
213 756 287 848 uti,
314 778 471 853 (quarum
488 751 595 844 aliae,
622 766 663 826 ut
681 755 698 827 ὅ
717 752 845 844 Ἰησοῦς,
878 757 895 826 δ
916 753 977 840 υἱός
996 761 1053 828 τοῦ
1071 754 1196 854 ἀνθρύ-

90 882 170 951 m,
202 857 351 958 proprie
373 855 420 927 ad
441 851 637 928 humanam
657 854 735 928 eius
756 869 938 948 neutram,
973 855 1081 949 aliae,
1107 883 1143 931 u.
1161 883 1194 932 c.

90 962 108 1033 ὅ
130 958 250 1058 κόρης,
278 962 303 1032 ’ὁ
324 955 385 1040 υἱός
406 961 466 1032 τοῦ·
486 960 581 1049 θεοῦ,
614 956 662 1028 ad
682 953 928 1030 sublimiorem
952 955 1196 1058 (nmlfiauum)

90 1061 168 1134 eius
182 1060 394 1160 dignitatem
406 1059 527 1160 potius
539 1058 667 1132 referri
679 1055 819 1159 pollint.
848 1056 1062 1160 Quanquam
1076 1074 1198 1134 autem

92 1162 271 1237 fomtulae
287 1160 593 1234 et'enuutiationes
613 1159 699 1233 illae
721 1158 793 1232 fine
814 1161 913 1234 omni
932 1177 1007 1238 arte
1025 1177 1060 1235 et
1079 1159 1197 1236 subti-

91 1265 196 1338 litate
211 1259 456 1365 pbilolopbica
469 1287 491 1334 a
505 1261 740 1364 scriptoribus
752 1257 791 1335 ff.
808 1261 995 1364 usurpatae
1010 1261 1109 1356 lunt,
1132 1289 1196 1336 ne-

94 1367 180 1467 gari
193 1379 311 1439 tamen
327 1364 467 1463 nequit,
490 1363 621 1438 iisdem
634 1363 681 1436 ud
694 1363 836 1438 literam
855 1364 1043 1438 intellectis
1061 1361 1196 1438 semina

97 1467 274 1570 (maedam
287 1466 467 1540 doctrinae
482 1465 730 1540 ecclelialticae
743 1491 826 1538 vere
842 1464 966 1559 inell'e,
986 1480 1040 1560 et,
1062 1465 1196 1540 unione

94 1577 304 1665 naturarum
324 1569 364 1641 in
384 1566 523 1678 Cbgil'to
545 1569 675 1670 polita,
709 1567 879 1642 facillime
901 1567 1198 1642 communicatio-

92 1669 306 1748 nemetiam
326 1670 542 1744 idiomatum
561 1670 646 1745 iude
667 1667 824 1745 derivari
850 1666 1031 1770 pomill'e.'
1060 1671 1198 1758 Verum

92 1799 207 1876 quum
227 1771 392 1848 universa
413 1769 505 1848 haec
527 1772 711 1866 doctriua,
751 1769 867 1872 qualis
888 1795 910 1845 a
931 1767 1107 1872 theologis*
1132 1797 1199 1874 per

94 1890 150 1951 tot
170 1875 378 1950 discrimina
398 1899 520 1948 rerum
541 1874 666 1950 sentim
683 1871 839 1948 stabilita
861 1873 930 1970 est,
964 1873 1097 1948 nullius
1118 1873 1197 1948 fru-

93 1979 150 2080 gis
172 1979 214 2052 fit
232 1976 281 2050 ml
301 1999 426 2050 reram
444 1977 614 2052 virtutem
635 1975 938 2076 consequendum,
978 1977 1052 2051 imo
1075 1974 1196 2072 effiea-
1272 2023 1275 2031 f

95 2083 192 2155 ciam
210 2078 372 2182 exempli
390 2075 468 2153 lelu
482 2076 616 2152 Cbrilti
634 2077 682 2152 ad
702 2077 918 2154 imitandum
935 2078 1041 2154 nobis
1062 2103 1196 2182 propo-

92 2183 276 2284 linquam
286 2179 447 2254 maxime
459 2179 642 2272 debilitet,
666 2207 780 2282 quum
794 2205 835 2254 ea
848 2196 1028 2282 praeterea
1044 2197 1080 2256 et
1092 2178 1198 2256 sanae

93 2285 228 2363 rationi
240 2297 277 2358 et
289 2282 373 2356 aliis
387 2281 606 2384 quibusdam
624 2283 820 2385 scripturae
833 2282 859 2357 l'.
877 2279 994 2356 effatis
1011 2277 1197 2357 indubita-

94 2388 144 2461 tis
164 2385 306 2487 prorius
326 2399 499 2486 repugnet
513 2379 566 2482 (§
584 2383 685 2486 92),
712 2381 843 2486 quaele
859 2409 898 2457 re
918 2383 1076 2482 integrae
1090 2382 1198 2460 chri-

98 2487 293 2563 stianorum
305 2487 463 2560 familiae
475 2499 511 2560 et
526 2488 653 2588 [iuguli
668 2487 792 2580 multi,
817 2485 1076 2559 recentioribus
1117 2509 1198 2558 rue-

94 2588 221 2665 'lertim
241 2587 478 2692 temporibus,
504 2588 552 2662 ab
567 2615 607 2662 eu
624 2589 865 2662 deflexerunt:
898 2585 1078 2659 l'ubfil'tere
1091 2511 1198 2660 lieu}

94 2693 305 2790 ,dubitamus
318 2693 359 2766 in
372 2690 579 2792 simpliciori
597 2691 661 2764 illo
675 2690 857 2766 doctrinae
875 2705 980 2790 typo,
1007 2685 1072 2788 qui
1089 2687 1198 2786 etiam

93 2798 137 2874 in
158 2797 333 2896 scriptura
353 2792 380 2870 l.
406 2791 512 2868 nobis
533 2791 720 2868 clariffime
743 2789 929 2866 exhibitus
952 2789 1003 2862 cll
1034 2781 1115 2887 (βξ.
1134 2801 1195 2865 92.

97 2897 201 2997 98.),
232 2912 269 2971 et
288 2894 361 2970 boo
382 2894 601 2996 potillimum
620 2920 786 2996 agamus,
817 2907 859 2967 ut
875 2891 990 2966 Iesum
1006 2889 1200 2985 Cbril'tum,

93 3015 150 3076 tot
164 2997 342 3099 tantisque
356 2997 540 3071 beneficiis
553 2999 593 3070 in
607 3024 719 3098 genus
734 2993 932 3070 humanum
945 2992 1092 3088 collatis,
1108 3017 1199 3094 qua-

94 3108 202 3200 tenns
223 3127 304 3174 vere
325 3099 468 3174 (livinae
491 3099 683 3198 voluntatis
706 3099 880 3200 interpres
908 3111 944 3170 et
972 3095 1046 3198 ipse
1072 3094 1199 3198 plenus

97 3203 248 3279 numine
266 3199 333 3300 (τῷ
355 3205 432 3297 θείῳ
458 3259 470 3295 ,
503 3228 576 3278 non
598 3203 670 3283 line
690 3202 767 3274 Deo
790 3200 871 3275 talis
894 3214 929 3274 et
950 3211 1070 3284 tantus
1083 3196 1200 3272 'nobis

96 3307 298 3410 propolitm
318 3304 368 3379 est
389 3302 410 3402 (
441 3302 595 3402 .128.),
629 3319 801 3403 tanquam
822 3303 978 3402 legatum
997 3325 1080 3374 vere
1104 3297 1200 3376 ‹livi-

95 3437 187 3484 num
201 3405 341 3507 (lo.17,
359 3405 416 3505 3.)
430 3421 465 3479 et
480 3421 652 3506 tanquam
665 3420 898 3506 prototypum
912 3397 1102 3476 bominum
1115 3428 1202 3478 vera

95 3511 270 3612 religione
288 3525 394 3610 atque
409 3508 541 3582 virtute
559 3507 837 3582 imbuemlorum
854 3503 966 3608 (Phil.
985 3519 1018 3598 2,
1036 3503 1200 3606 7.),1pia

95 3629 215 3687 mente
242 3611 400 3687 columne
423 3625 531 3713 utque
555 3611 653 3702 illius
680 3609 888 3712 exemplum
905 3607 1066 3684 tumme·
1082 3606 1199 3680 l'tudio

94 3715 295 3816 sequamur.
397 3785 402 3794 ,
992 3757 993 3760 =

200 3903 481 3961 Melanchtbuu
499 3903 572 3957 lue.
590 3918 699 3957 comm.
724 3901 770 3956 ed.
792 3917 817 3957 u.
833 3913 911 3972 ¹5²¹·
930 3897 1000 3954 tnta.
1025 3913 1055 3967 p.
1068 3903 1087 3956 8
1101 3893 1126 3949 l.
1152 3887 1201 3947 ed.

164 3991 334 4064 Augusti:
354 3994 448 4061 „Non
461 3993 517 4059 ult,
537 4007 591 4043 our
603 3990 733 4044 multum
746 4005 854 4061 apeme
869 4003 1013 4061 pontumue
1028 3987 1060 4036 in
1073 3981 1151 4036 loeiu
1163 3982 1201 4035 il·

163 4081 202 4135 lii
214 4078 375 4151 supremis,
397 4079 433 4132 de
446 4081 527 4146 Deo,
549 4077 729 4146 (inanitate,
753 4077 789 4130 de
802 4076 934 4132 trinitate
947 4073 1021 4144 Dei,
1044 4073 1080 4125 de
1095 4072 1200 4148 mylie·

99 4222 107 4236 ,
162 4163 213 4220 rio
226 4163 401 4231 creationis,
424 4164 461 4216 de
476 4165 559 4216 modo
573 4163 800 4218 incarnationis.
842 4161 953 4234 Quaelo
969 4167 1015 4225 te,
1041 4155 1110 4228 quid
1129 4157 1200 4210 alle·

163 4249 228 4305 euti
242 4250 309 4304 lunt
321 4249 382 4304 iam
393 4257 440 4304 tot
452 4247 557 4305 seculi·
575 4239 739 4306 scholastici
754 4247 976 4319 Theologiltee,
999 4261 1091 4316 quum
1105 4241 1139 4302 iu'
1149 4233 1199 4300 nii
