2792 4759
207 372 257 436 62
377 362 643 452 prolegomena.
694 360 810 453 Caput
833 362 887 431 II.
935 354 1134 455 §16.17.

240 532 272 599 a)
290 530 432 585 Sento·
450 532 518 585 Nat.
535 530 639 600 quaest
654 529 675 585 1.
689 529 711 584 l.
732 530 824 601 praef.
855 530 908 597 „0
921 546 1008 601 quem
1026 527 1246 587 contentarer
1263 534 1307 587 est

275 616 382 695 laonio,
405 615 457 669 ulfi
471 616 560 684 supra
572 613 894 680 tamnominati,
916 614 1039 685 dignor,
1063 614 1114 685 qni
1131 615 1165 669 in
1186 619 1306 671 eonfor-

272 700 349 755 tinn
361 698 419 755 net
433 699 540 753 ronmt.
549 698 568 727 ”

690 879 724 981 §.
755 896 812 961 17.

336 1041 689 1133 Difficultotea
717 1042 865 1135 studii
897 1041 1169 1135 theologici.

305 1218 462 1295 Omnino
478 1242 563 1289 vero
578 1213 776 1314 theologiae
793 1214 949 1289 studium
970 1218 1091 1293 multis
1111 1218 1299 1321 gravibus-

205 1350 275 1425 que
298 1324 473 1439 premitur
489 1317 646 1391 salebris.
697 1318 849 1407 Ratione
871 1320 967 1392 enim
982 1324 1139 1413 subiecti
1160 1319 1295 1414 hahita,

203 1425 399 1525 requiritur
423 1420 606 1519 ingenium
625 1418 840 1493 seecundum
867 1437 902 1493 et
924 1421 1054 1519 sagax,
1091 1424 1298 1521 diligentiae

204 1525 400 1627 pertinacia
427 1520 692 1619 meditandique
722 1523 1001 1620 perseverantia,
1043 1540 1078 1597 et
1105 1524 1298 1624 multiplex

203 1627 357 1701 eruditio
377 1624 579 1723 insigneque
600 1622 792 1713 iudicium,
824 1623 999 1696 librorum
1019 1623 1196 1699 sacrorum
1215 1624 1298 1697 sen-

203 1729 276 1823 sui,
304 1728 368 1827 qui
386 1725 563 1796 interdurn
579 1723 767 1821 ambiguus
787 1738 821 1795 et
840 1725 1009 1799 obscurus
1025 1727 1091 1819 est,
1121 1740 1217 1799 recte
1236 1727 1297 1798 in-

202 1820 365 1929 dagando
394 1842 499 1927 atque
527 1824 757 1897 diiudicanda
783 1822 882 1897 haud
910 1827 1044 1926 impar,
1084 1854 1149 1901 nee
1174 1826 1295 1901 minus

135 1994 138 2001 .
202 1958 303 2009 mens
317 1953 406 2029 puro
421 1926 601 2026 religionis
618 1951 658 1999 ae
672 1926 814 1999 virtutis
829 1928 1069 2001 studiolislima
1080 1926 1130 2026 (2
1142 1931 1240 2003 Tim.
1256 1944 1292 2021 8,

207 2048 264 2111 17.
299 2034 348 2103 lo.
367 2046 401 2120 8,
420 2045 478 2105 21.
516 2042 549 2118 8,
567 2025 648 2125 47.)
667 2024 713 2125 ⁰).
764 2028 937 2127 Respectu
958 2027 1083 2104 habito
1104 2031 1150 2101 ad
1171 2033 1295 2102 obiecti

194 2133 456 2207 *sublimitatem
474 2130 701 2227 numinisque
719 2144 882 2203 naturam
899 2132 1183 2230 perseetillimam
1196 2158 1294 2205 mere

200 2234 420 2337 spiritualem
437 2228 505 2329 (lo.
525 2239 558 2322 4,
578 2228 676 2327 nt),
704 2231 899 2303 videndum
914 2232 982 2323 est,
1007 2230 1052 2307 ire
1073 2234 1210 2306 animus
1228 2258 1293 2305 ra-

203 2338 259 2411 nis
282 2336 447 2435 deeeptus
475 2332 692 2431 imaginihus
716 2333 754 2405 in
780 2331 1060 2432 superstitionem
1080 2349 1116 2407 et
1136 2340 1293 2409 Anthro-

197 2441 453 2537 pomorpstiemi
481 2448 516 2507 et
540 2438 866 2529 Anthropopattiae
888 2431 923 2533 ⁸)
953 2461 1089 2510 errores
1117 2436 1291 2529 deflectat,

201 2568 267 2615 nec
289 2538 458 2613 lormulas
478 2536 599 2610 inanes
623 2535 829 2636 sophisticas
850 2551 911 2608 aut
930 2537 1095 2629 mysticas
1120 2562 1186 2638 pro
1207 2564 1292 2611 vera

197 2642 381 2741 religionis
399 2638 559 2713 (lontrina
580 2637 626 2709 ad
647 2640 741 2709 vitae
757 2638 939 2711 sanctioris
955 2638 1111 2711 studium
1125 2638 1291 2713 alendum

195 2748 429 2839 animumque
453 2738 755 2839 tranquillandum
784 2739 1010 2839 proficiente,
1048 2738 1290 2841 amplectatur,

194 2872 265 2923 neo
282 2842 521 2915 meditationis
541 2839 653 2913 abusu
675 2840 715 2909 in
736 2840 925 2912 dubitandi
944 2840 1132 2917 libidinem
1148 2844 1292 2915 inanem

197 2970 395 3045 vagamque
410 2941 607 3015 abducatur
621 2940 923 3031 incredulitatem,
950 2957 1011 3015 aut
1027 2956 1156 3016 temere
1170 2944 1291 3043 prose—

196 3047 319 3134 rendo,
336 3068 567 3145 quaeeunque
584 3040 657 3141 ipse
672 3041 876 3115 meditando
890 3040 1059 3117 assecutus
1072 3046 1197 3137 luerit,
1218 3046 1290 3117 im-

194 3147 395 3225 hecittiores
416 3142 582 3217 offendat.

300 3330 445 3382 Ammon
466 3322 546 3392 Ansf.
566 3324 678 3377 Unttrr.
701 3324 732 3376 in
753 3325 802 3377 der
825 3325 889 3379 ctr.
910 3326 1073 3380 Gloubmrl.
1096 3326 1177 3397 5911.
1218 3326 1290 3382 Add-

262 3414 437 3466 Erasmut
457 3410 543 3465 Ratio
565 3424 650 3462 verte
670 3408 855 3479 theologiae,
880 3409 911 3462 in
925 3411 1000 3482 Opp.
1026 3414 1060 3465 Τ.
1074 3412 1106 3464 V.
1130 3411 1207 3481 7511.
1233 3411 1287 3467 Et.

193 3524 198 3531 ·
260 3498 399 3566 Lugdnn.

198 3628 203 3633 ’
229 3640 259 3705 n)
284 3630 509 3705 Augurinus
528 3630 561 3685 de
582 3646 648 3684 vera
667 3630 827 3701 religione.
849 3649 873 3684 e.
889 3646 915 3703 5.
948 3630 1057 3699 „Nihil
1073 3629 1108 3684 nd
1120 3630 1288 3703 percipien-

260 3806 350 3859 lnllne
363 3802 505 3871 imagine·
518 3818 616 3853 rerum
632 3800 824 3866 sensibilium,
849 3816 922 3869 quae
936 3799 1023 3853 nobit
1039 3798 1074 3849 ab
1087 3800 1145 3853 hoo
1160 3800 1287 3855 tenuant

195 3932 202 3941 .
258 3888 365 3945 mundo
387 3902 565 3957 percorpus
585 3884 739 3955 irnprellne
758 3884 854 3937 verite
874 3882 1029 3951 opiniones
1045 3900 1217 3955 morerque
1233 3899 1288 3954 ge·

261 3974 403 4027 nerant.”
425 3998 462 4013 -
496 3968 541 4023 Cl.
557 3969 633 4023 haut
650 3970 750 4037 inepte
765 3968 838 4021 olim
853 3967 982 4022 dietum:
1004 3967 1201 4037 „theologus
1221 3966 1286 4020 effi·

258 4058 336 4111 citur
352 4059 499 4124 oratione,
519 4055 704 4105 meditatione
720 4063 749 4106 et
764 4051 960 4106 tentationc.”
984 4078 1021 4093 -
1054 4050 1207 4105 Clodius
1225 4052 1288 4112 Att-

257 4159 329 4208 gem.
343 4140 519 4208 Religionis,
541 4140 632 4208 24911.
659 4172 678 4203 ‚,
687 4136 752 4189 Nur
765 4138 853 4189 duret
868 4140 914 4190 ein
927 4136 1086 4205 gtttlltlm
1100 4136 1194 4192 Letoi
1212 4136 1288 4188 wiri

256 4226 307 4278 der
318 4222 436 4293 Mansit
447 4224 550 4279 Getice
566 4221 670 4279 inne.”
704 4224 737 4277 F.
754 4220 792 4275 ll.
809 4222 953 4278 lucebi.
