2792 4759
426 292 696 441 Prolegoinenos
729 346 859 439 ,eaput
882 347 935 419 ῙῙ.
983 336 1018 437 §.
1046 352 1105 415 20.

289 540 373 581 mum
385 518 623 591 amplectendum
637 515 792 587 omniaque
803 515 920 583 generis
933 509 1156 581 superstitiones
1167 511 1325 571 iorenrlee.

292 611 369 663 Nem
383 606 413 659 in
430 612 547 671 mutue,
567 620 654 672 quarn
669 602 727 657 elle
742 600 867 664 scimur,
884 614 946 651 non
960 595 1034 648 item
1050 594 1207 662 explanare
1220 598 1327 667 polsn-

291 710 373 760 tnus,
393 688 483 744 enimi
497 686 689 757 corporisque
703 684 932 749 coniunctione,
954 678 1049 733 nimiu
1061 685 1092 731 et
1105 688 1228 735 neturre
1241 681 1325 752 legi·

291 777 345 829 line
363 788 531 843 repugnans
550 782 712 823 nervorum
730 766 857 821 remissio
871 784 908 821 eo
921 766 1067 821 resolutio
1081 762 1237 835 ingenium
1255 766 1326 817 eni-

290 860 392 929 mique
405 858 539 927 rigorem
553 852 667 922 irrugit
681 860 770 920 etque
783 850 910 905 eirtntie·
921 866 1026 905 neme
1039 848 1147 902 incidit
1158 850 1262 921 tuique
1274 850 1325 905 iu·

291 942 365 999 dieii
381 942 515 997 bomine·
531 940 587 993 elle
602 952 662 991 non
676 934 808 1005 petitur,
834 935 908 989 odeo
920 946 955 991 ut
967 934 1001 989 ui
1016 935 1131 989 eliense
1145 934 1326 989 auotoriuti

292 1025 414 1081 omnino
430 1022 548 1079 obnoxii
565 1020 637 1073 liant
649 1034 705 1071 neo
717 1019 819 1091 sapere
835 1023 968 1074 audeaut.
991 1046 1028 1061 -
1062 1019 1205 1074 Gebler
1221 1020 1270 1075 rr.
1285 1021 1327 1073 ele

292 1107 430 1183 αῧθεηίᾳ
454 1124 499 1177 ep·
521 1104 553 1159 P·
572 1102 701 1156 Lentuli.
725 1106 790 1158 len·
808 1110 882 1175 ¹829.
906 1122 934 1174 p.
949 1120 976 1173 4.
1006 1103 1135 1170 „Nostro
1156 1114 1236 1157 eetee
1256 1119 1323 1165 orae

223 1194 228 1211 ⁸
293 1196 380 1250 dandi
396 1192 503 1263 magis,
528 1204 617 1259 quum
630 1186 784 1241 dubitandi
796 1186 921 1243 libidine
934 1188 1087 1254 laborare,
1111 1195 1199 1257 ntqne
1220 1188 1254 1239 nd
1273 1189 1323 1241 l'u·

292 1279 513 1353 pernitionem,
535 1270 723 1345 ignorantiae
736 1281 767 1326 et
780 1274 882 1325 testem
897 1280 928 1325 et
940 1271 1096 1339 comitem,
1120 1272 1194 1325 etleo
1209 1271 1323 1341 proeli·

292 1366 335 1421 ris
351 1366 408 1419 elie
422 1362 555 1423 videtur,
573 1366 607 1410 nt
619 1353 769 1409 mirabilia
783 1354 902 1427 qnaeris
916 1357 1061 1422 sectetur,
1084 1366 1190 1427 etque,
1212 1356 1275 1409 Iole
1289 1355 1321 1408 ei

291 1443 476 1519 imaginandi
491 1448 646 1509 correpte,
672 1440 804 1496 lectione
824 1456 1006 1512 quorumque
1024 1440 1209 1511 sahulemtn,
1232 1440 1322 1495 niodo

289 1530 468 1602 religionem
481 1526 612 1597 spirent,
629 1523 759 1577 mirifico
774 1524 950 1580 delectetur.
958 1527 978 1555 ”

220 1672 226 1685 “
259 1674 289 1743 i)
306 1666 489 1723 Vocabulum
503 1657 721 1737 ouyroorsopic,
737 1663 809 1715 tolle
823 1663 1032 1720 Pluteroho
1046 1663 1095 1731 (de
1106 1662 1236 1718 ireterne
1249 1661 1323 1715 olse-

221 1756 225 1763 '
292 1753 391 1809 ritate.
411 1752 446 1805 Τ.
461 1750 525 1803 vn.
543 1764 605 1817 ςιο.
625 1746 669 1799 ed·
684 1744 825 1815 uetes.)
842 1748 999 1818 proverbio
1012 1747 1131 1801 Cretioo
1145 1747 1219 1801 olim
1233 1746 1269 1800 de
1281 1746 1320 1799 iis

294 1836 450 1907 usitatum,
475 1831 544 1903 qui,
568 1846 658 1901 quum
671 1829 762 1883 bellis
776 1831 916 1885 intestinis
931 1831 1013 1885 inter
1027 1832 1057 1885 le
1070 1839 1252 1903 pugnarent,
1273 1830 1321 1883 in·

223 1912 228 1919 ¹
293 1918 465 1975 veientibus
478 1915 595 1969 eliunde
610 1912 757 1980 hostibus,
774 1914 869 1970 subito
884 1915 1155 1985 emungebantur,
1172 1916 1236 1984 poli
1248 1931 1322 1966 oon·

255 2048 258 2055 .
292 2002 450 2059 troversia·
467 1998 689 2069 synoreriflioor
714 2000 883 2055 tec.xv11.
906 2001 1048 2055 excitetur
1071 1998 1221 2066 (Weloh
1239 1997 1322 2050 aeti·

292 2086 584 2157 giosrfireitr'gtriten
599 2084 630 2135 in
644 2083 672 2136 d.
687 2100 727 2136 eo.
738 2083 827 2139 Larsa.
839 2084 955 2137 Kirelre.
974 2086 998 2137 1.
1016 2102 1067 2154 ⁸¹9
1078 2085 1109 2137 si.
1127 2087 1179 2139 IV.
1196 2084 1248 2137 666
1259 2083 1324 2150 m),

291 2174 322 2226 in
340 2186 449 2241 genere
467 2166 577 2220 dieitur
594 2165 630 2218 de
648 2183 723 2219 reno
741 2167 795 2222 illo
812 2168 905 2223 lindio
923 2185 971 2223 ree
989 2168 1077 2237 plene
1093 2168 1148 2223 libi
1164 2168 1324 2238 oppositae,

219 2239 223 2251 ¹
293 2276 321 2311 r.
335 2273 360 2309 o.
381 2251 539 2309 sententiar
560 2249 782 2322 inreligiosae,
807 2250 963 2323 eeclesiae,
985 2250 1069 2310 iuter
1085 2254 1116 2309 le
1134 2251 1321 2307 oonoiliendi

294 2354 401 2413 eeeqm
415 2335 625 2393 confundendi.

710 2516 742 2620 §.
772 2536 831 2599 ao.

219 2666 226 2671 ³
256 2675 324 2753 De
360 2682 600 2771 theologia
637 2681 905 2771 dogmatico
943 2681 1131 2772 eiueque
1165 2702 1279 2748 nexu

327 2870 331 2879 .
445 2806 448 2819 ·
478 2805 572 2849 oum
607 2782 846 2873 theologia
876 2784 1057 2851 morali.

323 2950 521 3052 Theologia
539 2950 737 3028 Christiana
757 2958 945 3028 theoretica
966 2956 1026 3030 seu
1041 2962 1244 3052 dogmatica
1259 2982 1319 3029 re-

223 3070 296 3131 ctas
315 3054 360 3128 de
376 3054 452 3127 Deo
474 3067 509 3126 et
530 3052 675 3127 homine
698 3071 733 3128 et
753 3056 798 3129 de
817 3074 942 3133 munia
960 3060 1054 3133 inter
1066 3061 1184 3132 Deum
1200 3074 1236 3132 at
1249 3056 1319 3130 ho-

220 3159 355 3232 'minem
370 3156 505 3229 ratione
521 3155 708 3229 sententias
727 3183 810 3231 cum
827 3161 898 3235 fido
919 3160 1198 3263 amplectendas,
1224 3184 1318 3259 quae

221 3262 455 3355 institutiones
467 3260 564 3350 fidei
582 3258 608 3329 s.
626 3264 796 3352 dogmata
808 3262 978 3335 dicuntur
990 3260 1043 3359 ⁶),
1071 3262 1118 3333 ad
1132 3262 1317 3360 religionis

219 3359 438 3436 Christianae
455 3382 615 3433 normam
629 3360 750 3433 tradit.
794 3362 899 3455 Quod
915 3379 956 3436 ut
969 3363 1162 3455 alliciatur,
1188 3386 1318 3463 quem-

217 3461 412 3535 admodum
427 3460 592 3533 scientiae
608 3460 762 3563 dignitas
783 3466 937 3563 tempori
958 3464 1076 3537 nostro
1100 3464 1317 3537 conveniens

217 3562 388 3667 postulat,
415 3559 503 3634 haec
520 3562 736 3663 potissimum
753 3564 814 3635 illa
828 3566 985 3664 praestet,
995 3562 1126 3641 nocella
1141 3566 1208 3640 all:
1230 3572 1318 3659 pri-

218 3694 316 3736 mum
347 3679 388 3739 ut
420 3664 532 3736 sontes
564 3660 770 3763 dogmatum
803 3667 935 3764 partim
959 3669 998 3741 in
1022 3668 1104 3767 ipsis
1129 3667 1316 3766 religionis

216 3766 436 3844 Christianae
448 3767 709 3856 monumentis,
742 3768 933 3868 partimin
952 3769 1057 3840 libris
1076 3784 1238 3841 veterum
1253 3796 1316 3843 eo-

215 3866 564 3944 clafiaoClrristianao
579 3866 782 3961 doctorum,
805 3869 1003 3967 singulatim
1014 3872 1191 3943 sormulue
1205 3896 1316 3944 evan—

215 3970 348 4071 gelicae
377 3983 582 4061 auctorum,
622 3967 770 4049 latentes
798 3969 918 4042 sedulo
947 3971 1177 4072 inquirantur
1204 3987 1314 4071 atque

213 4074 482 4161 exanrinentur3
516 4074 640 4143 deinde
660 4084 700 4143 ut
721 4070 887 4170 dogmata
907 4072 990 4145 inde
1008 4070 1226 4165 boamundo,
1251 4076 1314 4146 via

213 4181 249 4247 st
268 4172 405 4248 ratione
423 4173 516 4247 inter
534 4172 569 4245 sa
585 4171 795 4271 composita,
821 4173 978 4249 dilucide
993 4190 1028 4250 et
1045 4174 1225 4251 subtilitas
1242 4201 1313 4248 ex-
