2792 4759
485 364 550 437 'Do
572 367 775 461 Religioae.
1134 385 1182 450 33

143 530 310 602 abdam
333 534 483 597 denatura
503 532 667 603 aientem,
692 537 731 605 so
751 537 802 607 ists
821 538 961 605 “selcha
981 542 1185 613 domimus?

136 618 182 683 fic
199 646 236 661 -
261 620 315 673 aas
332 620 542 689 curistenetum
563 621 680 674 wollteu
699 621 1031 692 vernunstmttssr'g
1053 628 1183 695 macheu,

145 720 208 755 was
227 720 258 754 es
279 704 352 756 doeh
376 704 484 757 nicht
511 705 563 773 t'fi,
594 704 652 759 und
671 706 823 759 uimmer
847 704 898 760 hat
918 707 1014 779 scyti
1035 710 1182 781 sallon,

144 786 221 840 nord
240 790 386 843 werden
411 789 560 843 tanw

566 959 599 1061 §.
631 979 688 1039 10.

268 1098 343 1169 De
392 1102 986 1192 Supernatnraliamo.

180 1252 543 1343 Supernotaraliomua
575 1250 677 1325 lenlu
708 1254 875 1323 abiet-tivo
904 1255 944 1327 iu
972 1254 1178 1331 uuiversum

76 1346 214 1423 dicitur
229 1350 391 1427 doctrina
411 1353 455 1427 de
474 1352 672 1429 ueoelfitate
689 1355 900 1427 revelationi
919 1371 1034 1429 certae
1053 1357 1176 1458 liuper-

76 1452 232 1525 naturali
252 1468 289 1526 et
313 1455 560 1549 immediatae,
593 1456 725 1529 l'oolula
749 1456 853 1531 lanae
876 1458 1026 1530 rationis
1053 1474 1178 1549 aueto-

72 1554 200 1645 ritate,
225 1555 334 1629 fidem
349 1554 531 1647 habendi3
559 1558 659 1642 lousa
675 1558 796 1631 l'trieto
817 1573 937 1629 autem
958 1560 1008 1630 ita
1030 1574 1178 1634 vocatur

77 1654 238 1729 doctriua
264 1656 307 1731 de
334 1660 538 1733 uecel'litate¹
561 1661 595 1731 ei
623 1660 831 1731 revelationi
855 1660 1114 1760 supernaturali
1141 1674 1178 1733 et

75 1758 320 1853 immediatae,
357 1762 458 1833 euius
481 1761 607 1832 notitia
631 1790 650 1833 e
675 1761 756 1833 lolia
780 1761 905 1833 bibliis
928 1760 965 1833 ll'.
990 1762 1175 1861 repetitur,

76 1858 207 1933 leelul'a
230 1876 347 1937 rectae
371 1862 520 1935 rationis
546 1864 773 1954 auctoritate,
814 1862 923 1935 tidem
945 1860 1104 1937 habendi
1124 1860 1172 1963 ⁶).

76 1960 194 2053 (luam
215 1964 466 2037 revelationem
486 1966 551 2063 qui
571 1964 783 2055 delernluut,
810 1966 956 2035 omuino
976 1991 1055 2037 earn
1073 1969 1175 2065 eogi-

74 2064 161 2155 tari,
188 2064 286 2155 fieri,
313 2081 445 2139 etcum
462 2066 619 2137 numinis
636 2066 751 2137 divini
766 2067 961 2139 virtutibus
976 2067 1067 2139 bene
1086 2092 1174 2141 eou-

73 2166 190 2237 ciliori
213 2164 307 2266 polle
330 2165 448 2267 (quod
463 2170 728 2263 poffibilitotem
751 2168 828 2239 eius
855 2168 979 2243 dicum
1005 2174 1171 2261 logicam,

74 2272 345 2363 metophyfieom
367 2286 402 2341 et
425 2268 630 2369 moralem),
665 2269 881 2368 argumentis
902 2297 922 2341 e
945 2284 1071 2347 natura
1087 2270 1169 2361 Dei,

69 2366 233 2443 hominis
255 2386 359 2470 atque
381 2398 518 2463 rerum,
554 2398 645 2471 quae
663 2370 864 2445 revelantur
888 2387 923 2443 et
943 2373 1069 2462 ruodo,
1096 2396 1171 2469 quo

71 2470 352 2567 cognolcuutur,
379 2474 568 2565 tlel'utntis,
602 2472 851 2573 comprobare,
885 2498 950 2544 nee
969 2473 1087 2543 miinu
1109 2500 1173 2543 ue·

73 2578 267 2669 ceffitatem
283 2574 356 2645 eius
373 2578 567 2669 absolutam
590 2600 608 2647 e
631 2590 776 2647 naturae
800 2573 1019 2668 rationisque
1040 2570 1171 2645 huma-

69 2703 160 2766 nae,
192 2700 260 2774 per
279 2677 432 2775 primum
456 2677 655 2777 prunorum
676 2674 864 2747 homiuum
885 2674 1171 2771 peccatumstm·

70 2778 168 2851 ditus
195 2778 424 2877 depravatae,
465 2778 648 2849 debilitate
679 2793 715 2849 et
743 2804 762 2846 o
791 2774 975 2873 religionis
998 2774 1170 2847 naturalis

69 2880 190 2951 indole
212 2906 337 2953 manea
361 2897 467 2979 atque
488 2880 695 2978 ieitnterleeta
712 2877 875 2949 evincere
895 2876 1104 2949 studuerunt
1119 2874 1167 2977 ⁶).
1193 2935 1196 2939 .

71 2982 180 3053 Notas
201 2982 429 3054 revelationis
453 2980 674 3079 (lil'tingutunt
693 2982 912 3075 fiebieetivae
933 2978 992 3052 leu
1017 2975 1169 3076 Κριτῆρια,

70 3110 225 3183 quorum
248 3110 315 3184 ope
336 3082 465 3183 aliquis
485 3084 669 3179 cognoseat
690 3082 826 3183 tibique
846 3078 1073 3181 perluadeat,
1107 3107 1167 3153 re-

68 3186 282 3258 velationem
306 3212 388 3257 vere
412 3184 478 3255 libi
505 3186 634 3257 laetam
657 3180 742 3272 eil'e,
785 3196 820 3254 et
844 3198 944 3254 notas
965 3185 1165 3267 obiectione,

67 3303 276 3386 argumenta
294 3286 425 3359 seilicet
441 3305 584 3355 externa
599 3301 632 3357 et
651 3293 809 3368 interna,
835 3284 968 3380 quilius
983 3285 1083 3376 aliia,
1109 3311 1170 3358 re-

66 3391 280 3462 velationem
305 3388 484 3487 quautlam
513 3414 596 3459 vero
620 3387 780 3458 (livinum
803 3381 886 3475 ellit,
930 3385 1166 3481 ‹leuto-ulmari

64 3492 170 3593 pol'srt
188 3490 231 3589 ι).
285 3490 458 3563 adnotes
472 3492 690 3585 salu'ectiver
711 3489 914 3561 retexuntur
934 3492 1067 3591 partim
1087 3486 1166 3561 leu-

64 3593 302 3689 [nequidem
329 3592 486 3663 internus
512 3619 595 3664 etun
618 3590 832 3664 revelatione
861 3588 983 3661 ‹lit-'ina
1016 3591 1168 3663 coniun-

66 3708 170 3779 ctus,
204 3696 331 3791 patrtirn
356 3696 446 3765 lacta
469 3708 504 3764 et
527 3708 651 3765 eventa
668 3689 973 3782 entraonlirutriu,
1000 3688 1168 3788 lingulati

66 3793 180 3891 modo
201 3820 276 3865 etun
298 3794 535 3883 declarantia3
569 3794 611 3867 ad
637 3809 738 3865 notas
761 3794 969 3877 obiectione,
1003 3808 1038 3865 et
1058 3816 1168 3890 argu-

64 3910 188 3969 menta
212 3896 354 3994 (attidem
376 3914 537 3983 exterae,
570 3895 742 3969 miracula
764 3910 799 3967 et
819 3898 1007 3984 vaticinia,
1044 3893 1091 3965 od
1107 3916 1167 3964 or-

61 4012 232 4097 gumenta
250 4003 388 4069 iuterna
405 4000 511 4102 ipsius
526 3998 707 4071 doetrinae
724 3996 897 4069 revelatae
913 3995 1060 4068 itnlolus,
1095 3994 1169 4066 lte«

62 4100 193 4173 velatio
220 4098 497 4201 supernaturalis
518 4115 665 4173 vocatur
689 4115 850 4183 externa,
885 4122 976 4195 (ittae
999 4096 1169 4173 nudatio·

62 4204 166 4279 nibus
190 4202 485 4293 extranaeum
508 4198 706 4277 huuuuuun
728 4202 767 4273 iu
793 4225 914 4273 reuun
937 4213 1063 4273 natura
1087 4225 1168 4302 per-

751 4302 780 4372 L
