<?xml version="1.0" encoding="UTF-8"?>
<!DOCTYPE html PUBLIC "-//W3C//DTD XHTML 1.0 Transitional//EN"
    "http://www.w3.org/TR/xhtml1/DTD/xhtml1-transitional.dtd">
<html xmlns="http://www.w3.org/1999/xhtml" xml:lang="en" lang="en">
 <head>
  <title>
</title>
<meta http-equiv="Content-Type" content="text/html;charset=utf-8" />
  <meta name='ocr-system' content='tesseract 3.04.00' />
  <meta name='ocr-capabilities' content='ocr_page ocr_carea ocr_par ocr_line ocrx_word'/>
</head>
<body>
  <div class='ocr_page' id='page_1' title='image "./institutionesth02wegsgoog/institutionesth02wegsgoog_0238.png"; bbox 0 0 2792 4759; ppageno 0'>
   <div class='ocr_carea' id='block_1_1' title="bbox 196 354 1020 457">
    <p class='ocr_par' dir='ltr' id='par_1_1' title="bbox 196 354 1020 457">
     <span class='ocr_line' id='line_1_1' title="bbox 196 354 1020 457; baseline -0.017 -10"><span class='ocrx_word' id='word_1_1' title='bbox 196 376 270 447; x_wconf 79' lang='lat' dir='ltr'>uo</span> <span class='ocrx_word' id='word_1_2' title='bbox 464 365 559 436; x_wconf 70' lang='lat' dir='ltr'>raa</span> <span class='ocrx_word' id='word_1_3' title='bbox 581 364 636 435; x_wconf 79' lang='grc' dir='ltr'>ιι.</span> <span class='ocrx_word' id='word_1_4' title='bbox 684 363 773 455; x_wconf 69' lang='grc' dir='ltr'>σῳ.</span> <span class='ocrx_word' id='word_1_5' title='bbox 796 366 850 435; x_wconf 86' lang='lat'>11.</span> <span class='ocrx_word' id='word_1_6' title='bbox 899 354 934 457; x_wconf 69' lang='lat' dir='ltr'>t.</span> <span class='ocrx_word' id='word_1_7' title='bbox 961 366 1020 437; x_wconf 76' lang='lat' dir='ltr'>ee.</span> 
     </span>
    </p>
   </div>
   <div class='ocr_carea' id='block_1_2' title="bbox 175 534 1313 4295">
    <p class='ocr_par' dir='ltr' id='par_1_2' title="bbox 175 534 1313 4295">
     <span class='ocr_line' id='line_1_2' title="bbox 192 534 1308 637; baseline -0.002 -22"><span class='ocrx_word' id='word_1_8' title='bbox 192 538 382 617; x_wconf 74' lang='lat' dir='ltr'>luminam</span> <span class='ocrx_word' id='word_1_9' title='bbox 406 560 550 637; x_wconf 83' lang='lat' dir='ltr'>quoque</span> <span class='ocrx_word' id='word_1_10' title='bbox 579 534 723 613; x_wconf 86' lang='lat' dir='ltr'>confilia</span> <span class='ocrx_word' id='word_1_11' title='bbox 751 550 870 635; x_wconf 30' lang='lat' dir='ltr'>atque·</span> <span class='ocrx_word' id='word_1_12' title='bbox 886 536 1045 609; x_wconf 83' lang='lat' dir='ltr'>actiones</span> <span class='ocrx_word' id='word_1_13' title='bbox 1066 538 1231 637; x_wconf 76' lang='lat' dir='ltr'>cognitas</span> <span class='ocrx_word' id='word_1_14' title='bbox 1264 555 1308 613; x_wconf 83' lang='lat' dir='ltr'>et</span> 
     </span>
     <span class='ocr_line' id='line_1_3' title="bbox 192 634 1309 745; baseline 0.004 -30"><span class='ocrx_word' id='word_1_15' title='bbox 192 634 899 745; x_wconf 65' lang='lat' dir='ltr'>perflectashntere(t’t1eo,1-1r.</span> <span class='ocrx_word' id='word_1_16' title='bbox 933 638 1023 713; x_wconf 77' lang='lat' dir='ltr'>Lac.</span> <span class='ocrx_word' id='word_1_17' title='bbox 1043 654 1101 730; x_wconf 77' lang='lat' dir='ltr'>te,</span> <span class='ocrx_word' id='word_1_18' title='bbox 1121 650 1180 717; x_wconf 81' lang='lat'>15.</span> <span class='ocrx_word' id='word_1_19' title='bbox 1213 642 1309 719; x_wconf 74' lang='lat' dir='ltr'>Aa..</span> 
     </span>
     <span class='ocr_line' id='line_1_4' title="bbox 192 737 1308 839; baseline -0.004 -20"><span class='ocrx_word' id='word_1_20' title='bbox 192 750 309 836; x_wconf 78' lang='lat' dir='ltr'>&#39;1,2t.</span> <span class='ocrx_word' id='word_1_21' title='bbox 342 742 445 813; x_wconf 81' lang='lat' dir='ltr'>Rom.</span> <span class='ocrx_word' id='word_1_22' title='bbox 466 753 501 830; x_wconf 80' lang='grc'>8,</span> <span class='ocrx_word' id='word_1_23' title='bbox 520 753 578 815; x_wconf 80' lang='lat'>27.</span> <span class='ocrx_word' id='word_1_24' title='bbox 601 737 689 836; x_wconf 76' lang='lat' dir='ltr'>ab),</span> <span class='ocrx_word' id='word_1_25' title='bbox 716 738 877 811; x_wconf 72' lang='lat' dir='ltr'>‹iuliitari</span> <span class='ocrx_word' id='word_1_26' title='bbox 893 740 1028 839; x_wconf 84' lang='lat' dir='ltr'>nequit.</span> <span class='ocrx_word' id='word_1_27' title='bbox 1078 740 1160 832; x_wconf 75' lang='lat' dir='ltr'>Qua</span> <span class='ocrx_word' id='word_1_28' title='bbox 1183 768 1238 815; x_wconf 85' lang='lat' dir='ltr'>ex</span> <span class='ocrx_word' id='word_1_29' title='bbox 1263 769 1308 815; x_wconf 81' lang='lat' dir='ltr'>re</span> 
     </span>
     <span class='ocr_line' id='line_1_5' title="bbox 193 838 1304 941; baseline 0 -22"><span class='ocrx_word' id='word_1_30' title='bbox 193 844 304 923; x_wconf 82' lang='lat' dir='ltr'>fluxit</span> <span class='ocrx_word' id='word_1_31' title='bbox 325 840 447 941; x_wconf 87' lang='lat' dir='ltr'>opinio</span> <span class='ocrx_word' id='word_1_32' title='bbox 463 839 519 938; x_wconf 80' lang='lat'>¹),</span> <span class='ocrx_word' id='word_1_33' title='bbox 552 841 817 917; x_wconf 87' lang='lat' dir='ltr'>omail&#39;cieutiae</span> <span class='ocrx_word' id='word_1_34' title='bbox 831 840 974 913; x_wconf 83' lang='lat' dir='ltr'>divinae</span> <span class='ocrx_word' id='word_1_35' title='bbox 989 838 1188 917; x_wconf 83' lang='lat' dir='ltr'>efficaciam</span> <span class='ocrx_word' id='word_1_36' title='bbox 1211 870 1304 919; x_wconf 76' lang='lat' dir='ltr'>cum</span> 
     </span>
     <span class='ocr_line' id='line_1_6' title="bbox 193 940 1303 1061; baseline 0.003 -44"><span class='ocrx_word' id='word_1_37' title='bbox 193 945 309 1025; x_wconf 87' lang='lat' dir='ltr'>libero</span> <span class='ocrx_word' id='word_1_38' title='bbox 328 940 485 1017; x_wconf 71' lang='lat' dir='ltr'>hominia</span> <span class='ocrx_word' id='word_1_39' title='bbox 506 942 656 1015; x_wconf 87' lang='lat' dir='ltr'>arbitrio</span> <span class='ocrx_word' id='word_1_40' title='bbox 681 943 706 1017; x_wconf 80' lang='grc' dir='ltr'>Γ.</span> <span class='ocrx_word' id='word_1_41' title='bbox 731 942 898 1017; x_wconf 76' lang='lat' dir='ltr'>bonltate</span> <span class='ocrx_word' id='word_1_42' title='bbox 919 966 983 1035; x_wconf 86' lang='lat' dir='ltr'>ea,</span> <span class='ocrx_word' id='word_1_43' title='bbox 1022 943 1144 1043; x_wconf 84' lang='lat' dir='ltr'>suapte</span> <span class='ocrx_word' id='word_1_44' title='bbox 1171 945 1303 1061; x_wconf 75' lang='lat' dir='ltr'>sponte</span> 
     </span>
     <span class='ocr_line' id='line_1_7' title="bbox 194 1040 1301 1145; baseline 0 -24"><span class='ocrx_word' id='word_1_45' title='bbox 194 1046 337 1127; x_wconf 79' lang='lat' dir='ltr'>coniitia</span> <span class='ocrx_word' id='word_1_46' title='bbox 352 1044 535 1145; x_wconf 84' lang='lat' dir='ltr'>capiendi,</span> <span class='ocrx_word' id='word_1_47' title='bbox 562 1042 799 1143; x_wconf 76' lang='lat' dir='ltr'>cxicquendi,</span> <span class='ocrx_word' id='word_1_48' title='bbox 823 1040 1016 1117; x_wconf 85' lang='lat' dir='ltr'>differendi</span> <span class='ocrx_word' id='word_1_49' title='bbox 1031 1059 1067 1117; x_wconf 92' lang='lat' dir='ltr'>et</span> <span class='ocrx_word' id='word_1_50' title='bbox 1081 1044 1301 1139; x_wconf 77' lang='lat' dir='ltr'>abiiciendi,</span> 
     </span>
     <span class='ocr_line' id='line_1_8' title="bbox 195 1142 1300 1247; baseline 0 -24"><span class='ocrx_word' id='word_1_51' title='bbox 195 1147 381 1229; x_wconf 83' lang='lat' dir='ltr'>conciliari</span> <span class='ocrx_word' id='word_1_52' title='bbox 405 1172 475 1226; x_wconf 90' lang='lat' dir='ltr'>non</span> <span class='ocrx_word' id='word_1_53' title='bbox 496 1142 611 1247; x_wconf 75' lang='lat' dir='ltr'>polle,</span> <span class='ocrx_word' id='word_1_54' title='bbox 637 1145 811 1245; x_wconf 83' lang='lat' dir='ltr'>liquidem</span> <span class='ocrx_word' id='word_1_55' title='bbox 826 1146 988 1221; x_wconf 83' lang='lat' dir='ltr'>notiones</span> <span class='ocrx_word' id='word_1_56' title='bbox 1002 1147 1089 1219; x_wconf 77' lang='lat' dir='ltr'>ittae</span> <span class='ocrx_word' id='word_1_57' title='bbox 1109 1174 1208 1222; x_wconf 88' lang='lat' dir='ltr'>mere</span> <span class='ocrx_word' id='word_1_58' title='bbox 1224 1148 1300 1223; x_wconf 83' lang='lat' dir='ltr'>hu-</span> 
     </span>
     <span class='ocr_line' id='line_1_9' title="bbox 195 1241 1296 1348; baseline -0.003 -27"><span class='ocrx_word' id='word_1_59' title='bbox 195 1274 321 1327; x_wconf 83' lang='lat' dir='ltr'>manae</span> <span class='ocrx_word' id='word_1_60' title='bbox 332 1250 571 1343; x_wconf 73' lang='lat' dir='ltr'>praescientia</span> <span class='ocrx_word' id='word_1_61' title='bbox 583 1241 793 1345; x_wconf 66' lang='lat' dir='ltr'>(opipera)</span> <span class='ocrx_word' id='word_1_62' title='bbox 806 1262 842 1319; x_wconf 86' lang='lat' dir='ltr'>et</span> <span class='ocrx_word' id='word_1_63' title='bbox 855 1252 1061 1341; x_wconf 80' lang='lat' dir='ltr'>praefinitio</span> <span class='ocrx_word' id='word_1_64' title='bbox 1075 1245 1296 1348; x_wconf 61' lang='lat' dir='ltr'>(opeqnpe&#39;g)</span> 
     </span>
     <span class='ocr_line' id='line_1_10' title="bbox 194 1350 1296 1452; baseline 0 -27"><span class='ocrx_word' id='word_1_65' title='bbox 194 1352 236 1441; x_wconf 79' lang='lat' dir='ltr'>iu</span> <span class='ocrx_word' id='word_1_66' title='bbox 251 1366 367 1425; x_wconf 88' lang='lat' dir='ltr'>mente</span> <span class='ocrx_word' id='word_1_67' title='bbox 381 1350 503 1423; x_wconf 84' lang='lat' dir='ltr'>divina</span> <span class='ocrx_word' id='word_1_68' title='bbox 516 1350 620 1452; x_wconf 88' lang='lat' dir='ltr'>plane</span> <span class='ocrx_word' id='word_1_69' title='bbox 635 1350 674 1421; x_wconf 89' lang='lat' dir='ltr'>in</span> <span class='ocrx_word' id='word_1_70' title='bbox 688 1374 800 1421; x_wconf 87' lang='lat' dir='ltr'>uuam</span> <span class='ocrx_word' id='word_1_71' title='bbox 813 1350 1013 1423; x_wconf 85' lang='lat' dir='ltr'>concidant.</span> <span class='ocrx_word' id='word_1_72' title='bbox 1065 1352 1197 1423; x_wconf 75' lang='lat' dir='ltr'>Contra</span> <span class='ocrx_word' id='word_1_73' title='bbox 1210 1355 1296 1451; x_wconf 88' lang='lat' dir='ltr'>qui-</span> 
     </span>
     <span class='ocr_line' id='line_1_11' title="bbox 194 1448 1297 1551; baseline -0.002 -23"><span class='ocrx_word' id='word_1_74' title='bbox 194 1452 280 1541; x_wconf 57' lang='lat' dir='ltr'>dem,</span> <span class='ocrx_word' id='word_1_75' title='bbox 300 1454 477 1527; x_wconf 80' lang='lat' dir='ltr'>ntorutum</span> <span class='ocrx_word' id='word_1_76' title='bbox 496 1452 565 1545; x_wconf 76' lang='lat' dir='ltr'>at,</span> <span class='ocrx_word' id='word_1_77' title='bbox 598 1449 851 1551; x_wconf 83' lang='lat' dir='ltr'>praeeuntibus</span> <span class='ocrx_word' id='word_1_78' title='bbox 868 1449 1071 1551; x_wconf 80' lang='lat' dir='ltr'>Origene</span> <span class='ocrx_word' id='word_1_79' title='bbox 1086 1448 1122 1551; x_wconf 69' lang='lat'>⁸)</span> <span class='ocrx_word' id='word_1_80' title='bbox 1144 1468 1179 1525; x_wconf 88' lang='lat' dir='ltr'>et</span> <span class='ocrx_word' id='word_1_81' title='bbox 1198 1454 1297 1527; x_wconf 81' lang='lat' dir='ltr'>Au-</span> 
     </span>
     <span class='ocr_line' id='line_1_12' title="bbox 228 1551 1291 1655; baseline -0.005 -23"><span class='ocrx_word' id='word_1_82' title='bbox 228 1556 386 1633; x_wconf 79' lang='lat' dir='ltr'>uitino</span> <span class='ocrx_word' id='word_1_83' title='bbox 404 1552 436 1653; x_wconf 85' lang='lat'>‘)</span> <span class='ocrx_word' id='word_1_84' title='bbox 445 1610 455 1647; x_wconf 89' lang='lat'>‚</span> <span class='ocrx_word' id='word_1_85' title='bbox 481 1552 750 1655; x_wconf 75' lang='lat' dir='ltr'>praescientiam</span> <span class='ocrx_word' id='word_1_86' title='bbox 766 1554 807 1625; x_wconf 92' lang='lat' dir='ltr'>iu</span> <span class='ocrx_word' id='word_1_87' title='bbox 819 1551 893 1626; x_wconf 79' lang='lat' dir='ltr'>iola</span> <span class='ocrx_word' id='word_1_88' title='bbox 907 1568 1024 1625; x_wconf 86' lang='lat' dir='ltr'>mente</span> <span class='ocrx_word' id='word_1_89' title='bbox 1037 1552 1155 1625; x_wconf 80' lang='lat' dir='ltr'>(lirina</span> <span class='ocrx_word' id='word_1_90' title='bbox 1167 1554 1291 1629; x_wconf 78' lang='lat' dir='ltr'>tecum</span> 
     </span>
     <span class='ocr_line' id='line_1_13' title="bbox 196 1582 1288 1755; baseline -0.006 -22"><span class='ocrx_word' id='word_1_91' title='bbox 196 1582 358 1747; x_wconf 65' lang='lat' dir='ltr'>babere,</span> <span class='ocrx_word' id='word_1_92' title='bbox 376 1682 441 1731; x_wconf 86' lang='lat' dir='ltr'>uec</span> <span class='ocrx_word' id='word_1_93' title='bbox 460 1670 630 1755; x_wconf 85' lang='lat' dir='ltr'>tauquam</span> <span class='ocrx_word' id='word_1_94' title='bbox 645 1654 786 1729; x_wconf 76' lang='lat' dir='ltr'>cautam</span> <span class='ocrx_word' id='word_1_95' title='bbox 801 1654 1013 1729; x_wconf 84' lang='lat' dir='ltr'>efficientem</span> <span class='ocrx_word' id='word_1_96' title='bbox 1029 1654 1201 1730; x_wconf 73' lang='lat' dir='ltr'>actiomm</span> <span class='ocrx_word' id='word_1_97' title='bbox 1219 1683 1288 1727; x_wconf 89' lang='lat' dir='ltr'>ne-</span> 
     </span>
     <span class='ocr_line' id='line_1_14' title="bbox 195 1753 1289 1857; baseline -0.003 -25"><span class='ocrx_word' id='word_1_98' title='bbox 195 1757 378 1839; x_wconf 81' lang='lat' dir='ltr'>oeiinriam</span> <span class='ocrx_word' id='word_1_99' title='bbox 406 1756 543 1829; x_wconf 83' lang='lat' dir='ltr'>naturis</span> <span class='ocrx_word' id='word_1_100' title='bbox 574 1757 712 1829; x_wconf 79' lang='lat' dir='ltr'>ratione</span> <span class='ocrx_word' id='word_1_101' title='bbox 746 1756 919 1857; x_wconf 82' lang='lat' dir='ltr'>praeditis</span> <span class='ocrx_word' id='word_1_102' title='bbox 949 1753 1066 1828; x_wconf 79' lang='lat' dir='ltr'>ineffe.</span> <span class='ocrx_word' id='word_1_103' title='bbox 1121 1756 1289 1829; x_wconf 73' lang='lat' dir='ltr'>Actiones</span> 
     </span>
     <span class='ocr_line' id='line_1_15' title="bbox 196 1856 1293 1957; baseline -0.005 -22"><span class='ocrx_word' id='word_1_104' title='bbox 196 1860 294 1935; x_wconf 80' lang='lat' dir='ltr'>enim</span> <span class='ocrx_word' id='word_1_105' title='bbox 315 1856 502 1931; x_wconf 87' lang='lat' dir='ltr'>hominum</span> <span class='ocrx_word' id='word_1_106' title='bbox 523 1856 657 1929; x_wconf 77' lang='lat' dir='ltr'>liberae</span> <span class='ocrx_word' id='word_1_107' title='bbox 677 1884 750 1930; x_wconf 89' lang='lat' dir='ltr'>non</span> <span class='ocrx_word' id='word_1_108' title='bbox 771 1857 852 1929; x_wconf 86' lang='lat' dir='ltr'>ideo</span> <span class='ocrx_word' id='word_1_109' title='bbox 868 1871 964 1930; x_wconf 87' lang='lat' dir='ltr'>certo</span> <span class='ocrx_word' id='word_1_110' title='bbox 979 1857 1101 1957; x_wconf 84' lang='lat' dir='ltr'>aliquo</span> <span class='ocrx_word' id='word_1_111' title='bbox 1115 1856 1220 1930; x_wconf 78' lang='lat' dir='ltr'>motio</span> <span class='ocrx_word' id='word_1_112' title='bbox 1236 1860 1293 1931; x_wconf 88' lang='lat' dir='ltr'>ef-</span> 
     </span>
     <span class='ocr_line' id='line_1_16' title="bbox 196 1956 1293 2061; baseline -0.005 -24"><span class='ocrx_word' id='word_1_113' title='bbox 196 1962 385 2051; x_wconf 83' lang='lat' dir='ltr'>ficiuntur,</span> <span class='ocrx_word' id='word_1_114' title='bbox 411 1959 497 2057; x_wconf 92' lang='lat' dir='ltr'>quia</span> <span class='ocrx_word' id='word_1_115' title='bbox 513 1959 609 2032; x_wconf 85' lang='lat' dir='ltr'>Deus</span> <span class='ocrx_word' id='word_1_116' title='bbox 631 1984 689 2031; x_wconf 87' lang='lat' dir='ltr'>eas</span> <span class='ocrx_word' id='word_1_117' title='bbox 709 1956 780 2033; x_wconf 89' lang='lat' dir='ltr'>hoc</span> <span class='ocrx_word' id='word_1_118' title='bbox 801 1958 908 2032; x_wconf 75' lang='lat' dir='ltr'>ntorlo</span> <span class='ocrx_word' id='word_1_119' title='bbox 931 1956 1097 2032; x_wconf 82' lang='lat' dir='ltr'>effectum</span> <span class='ocrx_word' id='word_1_120' title='bbox 1120 1960 1166 2031; x_wconf 91' lang='lat' dir='ltr'>iri</span> <span class='ocrx_word' id='word_1_121' title='bbox 1189 1985 1293 2061; x_wconf 86' lang='lat' dir='ltr'>prae-</span> 
     </span>
     <span class='ocr_line' id='line_1_17' title="bbox 198 2058 1294 2155; baseline -0.004 -18"><span class='ocrx_word' id='word_1_122' title='bbox 198 2060 310 2155; x_wconf 61' lang='lat' dir='ltr'>vitm</span> <span class='ocrx_word' id='word_1_123' title='bbox 344 2058 406 2143; x_wconf 79' lang='lat' dir='ltr'>fed</span> <span class='ocrx_word' id='word_1_124' title='bbox 428 2062 524 2134; x_wconf 85' lang='lat' dir='ltr'>Deus</span> <span class='ocrx_word' id='word_1_125' title='bbox 546 2060 703 2135; x_wconf 75' lang='lat' dir='ltr'>actiones</span> <span class='ocrx_word' id='word_1_126' title='bbox 723 2085 783 2133; x_wconf 86' lang='lat' dir='ltr'>eas</span> <span class='ocrx_word' id='word_1_127' title='bbox 804 2076 902 2135; x_wconf 87' lang='lat' dir='ltr'>certo</span> <span class='ocrx_word' id='word_1_128' title='bbox 925 2060 1031 2135; x_wconf 85' lang='lat' dir='ltr'>modo</span> <span class='ocrx_word' id='word_1_129' title='bbox 1055 2058 1224 2135; x_wconf 85' lang='lat' dir='ltr'>effectum</span> <span class='ocrx_word' id='word_1_130' title='bbox 1246 2063 1294 2134; x_wconf 88' lang='lat' dir='ltr'>iri</span> 
     </span>
     <span class='ocr_line' id='line_1_18' title="bbox 264 2160 1295 2261; baseline -0.001 -24"><span class='ocrx_word' id='word_1_131' title='bbox 264 2160 400 2255; x_wconf 82' lang='lat' dir='ltr'>evidet,</span> <span class='ocrx_word' id='word_1_132' title='bbox 426 2162 512 2261; x_wconf 83' lang='lat' dir='ltr'>qnia</span> <span class='ocrx_word' id='word_1_133' title='bbox 529 2187 758 2261; x_wconf 76' lang='lat' dir='ltr'>(pascuaque</span> <span class='ocrx_word' id='word_1_134' title='bbox 774 2162 929 2237; x_wconf 86' lang='lat' dir='ltr'>rationes</span> <span class='ocrx_word' id='word_1_135' title='bbox 944 2178 980 2236; x_wconf 91' lang='lat' dir='ltr'>et</span> <span class='ocrx_word' id='word_1_136' title='bbox 993 2162 1134 2255; x_wconf 61' lang='lat' dir='ltr'>muas,</span> <span class='ocrx_word' id='word_1_137' title='bbox 1159 2162 1295 2237; x_wconf 69' lang='lat' dir='ltr'>«tulius</span> 
     </span>
     <span class='ocr_line' id='line_1_19' title="bbox 197 2189 1292 2365; baseline -0.002 -24"><span class='ocrx_word' id='word_1_138' title='bbox 197 2189 307 2341; x_wconf 51' lang='lat' dir='ltr'>bbflmo</span> <span class='ocrx_word' id='word_1_139' title='bbox 329 2264 376 2337; x_wconf 86' lang='lat' dir='ltr'>ad</span> <span class='ocrx_word' id='word_1_140' title='bbox 395 2264 572 2363; x_wconf 84' lang='lat' dir='ltr'>agendum</span> <span class='ocrx_word' id='word_1_141' title='bbox 594 2263 821 2363; x_wconf 82' lang='lat' dir='ltr'>perducitur,</span> <span class='ocrx_word' id='word_1_142' title='bbox 854 2265 1099 2365; x_wconf 76' lang='lat' dir='ltr'>praecognitae</span> <span class='ocrx_word' id='word_1_143' title='bbox 1119 2191 1292 2363; x_wconf 50' lang='lat' dir='ltr'>babet&amp;</span> 
     </span>
     <span class='ocr_line' id='line_1_20' title="bbox 197 2362 1296 2459; baseline -0.005 -15"><span class='ocrx_word' id='word_1_144' title='bbox 197 2368 334 2445; x_wconf 80' lang='lat' dir='ltr'>Verum</span> <span class='ocrx_word' id='word_1_145' title='bbox 348 2380 383 2440; x_wconf 90' lang='lat' dir='ltr'>et</span> <span class='ocrx_word' id='word_1_146' title='bbox 397 2362 466 2439; x_wconf 87' lang='lat' dir='ltr'>hac</span> <span class='ocrx_word' id='word_1_147' title='bbox 482 2362 750 2439; x_wconf 80' lang='lat' dir='ltr'>ratiocinatione</span> <span class='ocrx_word' id='word_1_148' title='bbox 765 2391 838 2438; x_wconf 90' lang='lat' dir='ltr'>non</span> <span class='ocrx_word' id='word_1_149' title='bbox 852 2367 970 2438; x_wconf 87' lang='lat' dir='ltr'>onmia</span> <span class='ocrx_word' id='word_1_150' title='bbox 984 2366 1096 2438; x_wconf 78' lang='lat' dir='ltr'>(lubia</span> <span class='ocrx_word' id='word_1_151' title='bbox 1109 2366 1296 2459; x_wconf 84' lang='lat' dir='ltr'>tolluntur,</span> 
     </span>
     <span class='ocr_line' id='line_1_21' title="bbox 198 2464 1298 2575; baseline -0.002 -32"><span class='ocrx_word' id='word_1_152' title='bbox 198 2470 333 2575; x_wconf 88' lang='lat' dir='ltr'>quippe</span> <span class='ocrx_word' id='word_1_153' title='bbox 350 2492 480 2569; x_wconf 64' lang='lat' dir='ltr'>(luam,</span> <span class='ocrx_word' id='word_1_154' title='bbox 513 2466 541 2540; x_wconf 81' lang='lat' dir='ltr'><strong>fi</strong></span> <span class='ocrx_word' id='word_1_155' title='bbox 560 2468 655 2539; x_wconf 80' lang='lat' dir='ltr'>Deus</span> <span class='ocrx_word' id='word_1_156' title='bbox 674 2466 752 2538; x_wconf 78' lang='lat' dir='ltr'>fatti</span> <span class='ocrx_word' id='word_1_157' title='bbox 773 2464 910 2539; x_wconf 79' lang='lat' dir='ltr'>nescius</span> <span class='ocrx_word' id='word_1_158' title='bbox 931 2496 950 2539; x_wconf 90' lang='lat' dir='ltr'>e</span> <span class='ocrx_word' id='word_1_159' title='bbox 971 2467 1077 2540; x_wconf 84' lang='lat' dir='ltr'>certis</span> <span class='ocrx_word' id='word_1_160' title='bbox 1092 2468 1202 2541; x_wconf 80' lang='lat' dir='ltr'>cautis</span> <span class='ocrx_word' id='word_1_161' title='bbox 1218 2468 1298 2541; x_wconf 87' lang='lat' dir='ltr'>c&#39;er-</span> 
     </span>
     <span class='ocr_line' id='line_1_22' title="bbox 199 2564 1296 2670; baseline -0.004 -23"><span class='ocrx_word' id='word_1_162' title='bbox 199 2588 278 2655; x_wconf 70' lang='lat' dir='ltr'>tum,</span> <span class='ocrx_word' id='word_1_163' title='bbox 292 2568 458 2647; x_wconf 83' lang='lat' dir='ltr'>effectum</span> <span class='ocrx_word' id='word_1_164' title='bbox 474 2564 701 2670; x_wconf 68' lang='lat' dir='ltr'>probturum</span> <span class='ocrx_word' id='word_1_165' title='bbox 714 2564 779 2642; x_wconf 84' lang='lat' dir='ltr'>esse</span> <span class='ocrx_word' id='word_1_166' title='bbox 794 2568 993 2668; x_wconf 77' lang='lat' dir='ltr'>praevidet,</span> <span class='ocrx_word' id='word_1_167' title='bbox 1014 2567 1112 2643; x_wconf 86' lang='lat' dir='ltr'>hunc</span> <span class='ocrx_word' id='word_1_168' title='bbox 1126 2566 1296 2644; x_wconf 83' lang='lat' dir='ltr'>effectum</span> 
     </span>
     <span class='ocr_line' id='line_1_23' title="bbox 198 2668 1296 2771; baseline -0.008 -20"><span class='ocrx_word' id='word_1_169' title='bbox 198 2672 392 2751; x_wconf 85' lang='lat' dir='ltr'>ueceffitati</span> <span class='ocrx_word' id='word_1_170' title='bbox 408 2672 553 2745; x_wconf 87' lang='lat' dir='ltr'>cuidam</span> <span class='ocrx_word' id='word_1_171' title='bbox 570 2671 778 2743; x_wconf 73' lang='lat' dir='ltr'>adstrictum</span> <span class='ocrx_word' id='word_1_172' title='bbox 794 2668 860 2742; x_wconf 84' lang='lat' dir='ltr'>elie</span> <span class='ocrx_word' id='word_1_173' title='bbox 882 2684 1053 2771; x_wconf 80' lang='lat' dir='ltr'>oporteat.</span> <span class='ocrx_word' id='word_1_174' title='bbox 1101 2670 1203 2764; x_wconf 77' lang='lat' dir='ltr'>Quae</span> <span class='ocrx_word' id='word_1_175' title='bbox 1221 2672 1296 2744; x_wconf 80' lang='lat' dir='ltr'>‹tif-</span> 
     </span>
     <span class='ocr_line' id='line_1_24' title="bbox 198 2772 1297 2873; baseline -0.004 -24"><span class='ocrx_word' id='word_1_176' title='bbox 198 2776 356 2867; x_wconf 82' lang='lat' dir='ltr'>fioultas,</span> <span class='ocrx_word' id='word_1_177' title='bbox 389 2788 429 2845; x_wconf 92' lang='lat' dir='ltr'>ut</span> <span class='ocrx_word' id='word_1_178' title='bbox 436 2827 446 2865; x_wconf 95' lang='lat'>,</span> <span class='ocrx_word' id='word_1_179' title='bbox 479 2786 653 2873; x_wconf 86' lang='lat' dir='ltr'>quantum</span> <span class='ocrx_word' id='word_1_180' title='bbox 673 2772 752 2844; x_wconf 89' lang='lat' dir='ltr'>fieri</span> <span class='ocrx_word' id='word_1_181' title='bbox 776 2772 897 2872; x_wconf 78' lang='lat' dir='ltr'>pettit,</span> <span class='ocrx_word' id='word_1_182' title='bbox 931 2787 1174 2863; x_wconf 86' lang='lat' dir='ltr'>removeatur,</span> <span class='ocrx_word' id='word_1_183' title='bbox 1212 2788 1297 2846; x_wconf 87' lang='lat' dir='ltr'>ante</span> 
     </span>
     <span class='ocr_line' id='line_1_25' title="bbox 198 2868 1298 2973; baseline -0.004 -22"><span class='ocrx_word' id='word_1_184' title='bbox 198 2876 320 2951; x_wconf 85' lang='lat' dir='ltr'>omnia</span> <span class='ocrx_word' id='word_1_185' title='bbox 342 2872 534 2947; x_wconf 85' lang='lat' dir='ltr'>tenendum</span> <span class='ocrx_word' id='word_1_186' title='bbox 555 2870 624 2964; x_wconf 82' lang='lat' dir='ltr'>est,</span> <span class='ocrx_word' id='word_1_187' title='bbox 657 2869 840 2954; x_wconf 84' lang='lat' dir='ltr'>bominem</span> <span class='ocrx_word' id='word_1_188' title='bbox 862 2873 902 2945; x_wconf 92' lang='lat' dir='ltr'>in</span> <span class='ocrx_word' id='word_1_189' title='bbox 925 2874 1181 2973; x_wconf 38' lang='lat' dir='ltr'>intelligentiae,</span> <span class='ocrx_word' id='word_1_190' title='bbox 1197 2868 1298 2947; x_wconf 80' lang='lat' dir='ltr'>‹tivi-</span> 
     </span>
     <span class='ocr_line' id='line_1_26' title="bbox 198 2972 1299 3074; baseline 0.001 -25"><span class='ocrx_word' id='word_1_191' title='bbox 198 3002 266 3065; x_wconf 68' lang='grc' dir='ltr'>ωε</span> <span class='ocrx_word' id='word_1_192' title='bbox 288 2978 327 3049; x_wconf 85' lang='lat' dir='ltr'>vi</span> <span class='ocrx_word' id='word_1_193' title='bbox 339 3000 390 3072; x_wconf 61' lang='lat' dir='ltr'>⁸ac</span> <span class='ocrx_word' id='word_1_194' title='bbox 412 2973 554 3047; x_wconf 88' lang='lat' dir='ltr'>notione</span> <span class='ocrx_word' id='word_1_195' title='bbox 576 2972 826 3073; x_wconf 81' lang='lat' dir='ltr'>perscrutanda</span> <span class='ocrx_word' id='word_1_196' title='bbox 843 3000 914 3046; x_wconf 87' lang='lat' dir='ltr'>non</span> <span class='ocrx_word' id='word_1_197' title='bbox 929 2974 993 3046; x_wconf 82' lang='lat' dir='ltr'>niti</span> <span class='ocrx_word' id='word_1_198' title='bbox 1006 2972 1179 3047; x_wconf 86' lang='lat' dir='ltr'>humanas</span> <span class='ocrx_word' id='word_1_199' title='bbox 1193 2974 1299 3074; x_wconf 84' lang='lat' dir='ltr'>sequi</span> 
     </span>
     <span class='ocr_line' id='line_1_27' title="bbox 198 3074 1297 3181; baseline -0.002 -30"><span class='ocrx_word' id='word_1_200' title='bbox 198 3074 540 3181; x_wconf 68' lang='lat' dir='ltr'>poliacognasceudi</span> <span class='ocrx_word' id='word_1_201' title='bbox 555 3074 728 3166; x_wconf 81' lang='lat' dir='ltr'>rationes,</span> <span class='ocrx_word' id='word_1_202' title='bbox 752 3075 923 3175; x_wconf 87' lang='lat' dir='ltr'>temporis</span> <span class='ocrx_word' id='word_1_203' title='bbox 937 3089 973 3149; x_wconf 87' lang='lat' dir='ltr'>et</span> <span class='ocrx_word' id='word_1_204' title='bbox 989 3075 1095 3176; x_wconf 80' lang='lat' dir='ltr'>spatii</span> <span class='ocrx_word' id='word_1_205' title='bbox 1114 3076 1297 3149; x_wconf 84' lang='lat' dir='ltr'>limitibus</span> 
     </span>
     <span class='ocr_line' id='line_1_28' title="bbox 197 3176 1298 3275; baseline -0.003 -23"><span class='ocrx_word' id='word_1_206' title='bbox 197 3178 400 3269; x_wconf 78' lang='lat' dir='ltr'>adstrictas,</span> <span class='ocrx_word' id='word_1_207' title='bbox 427 3202 519 3275; x_wconf 70' lang='lat' dir='ltr'>(puae</span> <span class='ocrx_word' id='word_1_208' title='bbox 536 3177 573 3247; x_wconf 92' lang='lat' dir='ltr'>in</span> <span class='ocrx_word' id='word_1_209' title='bbox 589 3177 706 3249; x_wconf 89' lang='lat' dir='ltr'>Deum</span> <span class='ocrx_word' id='word_1_210' title='bbox 720 3203 792 3249; x_wconf 90' lang='lat' dir='ltr'>non</span> <span class='ocrx_word' id='word_1_211' title='bbox 806 3176 948 3251; x_wconf 84' lang='lat' dir='ltr'>cadant.</span> <span class='ocrx_word' id='word_1_212' title='bbox 967 3194 971 3201; x_wconf 86' lang='lat'>&#39;</span> <span class='ocrx_word' id='word_1_213' title='bbox 988 3178 1084 3275; x_wconf 78' lang='lat' dir='ltr'>Ergo</span> <span class='ocrx_word' id='word_1_214' title='bbox 1099 3204 1171 3253; x_wconf 85' lang='lat' dir='ltr'>non</span> <span class='ocrx_word' id='word_1_215' title='bbox 1182 3206 1298 3272; x_wconf 84' lang='lat' dir='ltr'>prae-</span> 
     </span>
     <span class='ocr_line' id='line_1_29' title="bbox 185 3278 1313 3379; baseline 0.004 -32"><span class='ocrx_word' id='word_1_216' title='bbox 185 3284 350 3379; x_wconf 80' lang='lat' dir='ltr'>scientia</span> <span class='ocrx_word' id='word_1_217' title='bbox 371 3287 395 3368; x_wconf 87' lang='lat'><em>(</em></span> <span class='ocrx_word' id='word_1_218' title='bbox 397 3282 438 3351; x_wconf 90' lang='lat' dir='ltr'><em>V</em></span> <span class='ocrx_word' id='word_1_219' title='bbox 432 3280 652 3374; x_wconf 72' lang='lat' dir='ltr'>orberwtffen</span> <span class='ocrx_word' id='word_1_220' title='bbox 653 3285 695 3365; x_wconf 89' lang='lat'>),</span> <span class='ocrx_word' id='word_1_221' title='bbox 736 3278 796 3351; x_wconf 79' lang='lat' dir='ltr'>sed</span> <span class='ocrx_word' id='word_1_222' title='bbox 813 3280 973 3373; x_wconf 82' lang='lat' dir='ltr'>scientia</span> <span class='ocrx_word' id='word_1_223' title='bbox 994 3286 1016 3366; x_wconf 83' lang='lat'><em>(</em></span> <span class='ocrx_word' id='word_1_224' title='bbox 1018 3282 1076 3351; x_wconf 86' lang='lat' dir='ltr'><em>W</em></span> <span class='ocrx_word' id='word_1_225' title='bbox 1074 3282 1183 3373; x_wconf 75' lang='lat' dir='ltr'>iffirrr)</span> <span class='ocrx_word' id='word_1_226' title='bbox 1205 3282 1313 3363; x_wconf 78' lang='lat' dir='ltr'>ficut¹</span> 
     </span>
     <span class='ocr_line' id='line_1_30' title="bbox 198 3380 1297 3479; baseline -0.002 -22"><span class='ocrx_word' id='word_1_227' title='bbox 198 3383 362 3457; x_wconf 89' lang='lat' dir='ltr'>omnium</span> <span class='ocrx_word' id='word_1_228' title='bbox 381 3406 521 3473; x_wconf 89' lang='lat' dir='ltr'>rerum,</span> <span class='ocrx_word' id='word_1_229' title='bbox 554 3380 604 3453; x_wconf 87' lang='lat' dir='ltr'>ita</span> <span class='ocrx_word' id='word_1_230' title='bbox 626 3392 661 3453; x_wconf 86' lang='lat' dir='ltr'>et</span> <span class='ocrx_word' id='word_1_231' title='bbox 683 3381 865 3454; x_wconf 86' lang='lat' dir='ltr'>actionum</span> <span class='ocrx_word' id='word_1_232' title='bbox 885 3382 1093 3479; x_wconf 63' lang='lat' dir='ltr'>quorumvis</span> <span class='ocrx_word' id='word_1_233' title='bbox 1107 3382 1182 3454; x_wconf 91' lang='lat' dir='ltr'>Dco</span> <span class='ocrx_word' id='word_1_234' title='bbox 1199 3398 1297 3455; x_wconf 85' lang='lat' dir='ltr'>recte</span> 
     </span>
     <span class='ocr_line' id='line_1_31' title="bbox 197 3480 1295 3583; baseline -0.003 -23"><span class='ocrx_word' id='word_1_235' title='bbox 197 3482 373 3561; x_wconf 86' lang='lat' dir='ltr'>tribuitur</span> <span class='ocrx_word' id='word_1_236' title='bbox 387 3480 438 3581; x_wconf 64' lang='grc' dir='ltr'>ε),</span> <span class='ocrx_word' id='word_1_237' title='bbox 473 3483 607 3583; x_wconf 86' lang='lat' dir='ltr'>quippe</span> <span class='ocrx_word' id='word_1_238' title='bbox 629 3482 694 3581; x_wconf 89' lang='lat' dir='ltr'>qui</span> <span class='ocrx_word' id='word_1_239' title='bbox 712 3481 786 3581; x_wconf 81' lang='lat' dir='ltr'>ipse</span> <span class='ocrx_word' id='word_1_240' title='bbox 806 3482 977 3583; x_wconf 71' lang='lat' dir='ltr'>temporis</span> <span class='ocrx_word' id='word_1_241' title='bbox 998 3480 1175 3555; x_wconf 77' lang='lat' dir='ltr'>linnitiluts</span> <span class='ocrx_word' id='word_1_242' title='bbox 1194 3482 1295 3557; x_wconf 87' lang='lat' dir='ltr'>baud</span> 
     </span>
     <span class='ocr_line' id='line_1_32' title="bbox 197 3580 1295 3685; baseline -0.004 -22"><span class='ocrx_word' id='word_1_243' title='bbox 197 3586 380 3663; x_wconf 85' lang='lat' dir='ltr'>obnoxius</span> <span class='ocrx_word' id='word_1_244' title='bbox 400 3600 435 3657; x_wconf 89' lang='lat' dir='ltr'>ct</span> <span class='ocrx_word' id='word_1_245' title='bbox 454 3583 574 3657; x_wconf 77' lang='lat' dir='ltr'>caulas</span> <span class='ocrx_word' id='word_1_246' title='bbox 596 3598 631 3657; x_wconf 86' lang='lat' dir='ltr'>et</span> <span class='ocrx_word' id='word_1_247' title='bbox 651 3580 797 3675; x_wconf 82' lang='lat' dir='ltr'>effectus</span> <span class='ocrx_word' id='word_1_248' title='bbox 812 3608 936 3655; x_wconf 87' lang='lat' dir='ltr'>earum</span> <span class='ocrx_word' id='word_1_249' title='bbox 951 3585 1224 3685; x_wconf 88' lang='lat' dir='ltr'>omnitempore</span> <span class='ocrx_word' id='word_1_250' title='bbox 1235 3589 1295 3659; x_wconf 87' lang='lat' dir='ltr'>fu-</span> 
     </span>
     <span class='ocr_line' id='line_1_33' title="bbox 198 3683 1293 3785; baseline -0.005 -20"><span class='ocrx_word' id='word_1_251' title='bbox 198 3705 298 3765; x_wconf 84' lang='lat' dir='ltr'>turos</span> <span class='ocrx_word' id='word_1_252' title='bbox 321 3687 369 3760; x_wconf 88' lang='lat' dir='ltr'>ab</span> <span class='ocrx_word' id='word_1_253' title='bbox 391 3700 532 3759; x_wconf 85' lang='lat' dir='ltr'>aeterno</span> <span class='ocrx_word' id='word_1_254' title='bbox 555 3684 657 3757; x_wconf 84' lang='lat' dir='ltr'>fimul</span> <span class='ocrx_word' id='word_1_255' title='bbox 686 3684 866 3785; x_wconf 72' lang='lat' dir='ltr'>perspicit.</span> <span class='ocrx_word' id='word_1_256' title='bbox 924 3686 1043 3784; x_wconf 82' lang='lat' dir='ltr'>Atque</span> <span class='ocrx_word' id='word_1_257' title='bbox 1072 3683 1142 3758; x_wconf 89' lang='lat' dir='ltr'>bac</span> <span class='ocrx_word' id='word_1_258' title='bbox 1170 3687 1293 3759; x_wconf 75' lang='lat' dir='ltr'>divitia</span> 
     </span>
     <span class='ocr_line' id='line_1_34' title="bbox 198 3783 1292 3881; baseline -0.004 -16"><span class='ocrx_word' id='word_1_259' title='bbox 198 3791 345 3867; x_wconf 83' lang='lat' dir='ltr'>scicntia</span> <span class='ocrx_word' id='word_1_260' title='bbox 375 3787 523 3861; x_wconf 78' lang='lat' dir='ltr'>nrininte</span> <span class='ocrx_word' id='word_1_261' title='bbox 553 3786 692 3859; x_wconf 86' lang='lat' dir='ltr'>tmbari</span> <span class='ocrx_word' id='word_1_262' title='bbox 720 3785 874 3858; x_wconf 86' lang='lat' dir='ltr'>liberum</span> <span class='ocrx_word' id='word_1_263' title='bbox 903 3783 1061 3858; x_wconf 78' lang='lat' dir='ltr'>hominis</span> <span class='ocrx_word' id='word_1_264' title='bbox 1089 3788 1292 3881; x_wconf 84' lang='lat' dir='ltr'>arbitrium,</span> 
     </span>
     <span class='ocr_line' id='line_1_35' title="bbox 198 3886 1294 3992; baseline -0.003 -25"><span class='ocrx_word' id='word_1_265' title='bbox 198 3894 260 3967; x_wconf 82' lang='lat' dir='ltr'>sua</span> <span class='ocrx_word' id='word_1_266' title='bbox 275 3916 452 3992; x_wconf 81' lang='lat' dir='ltr'>quemque</span> <span class='ocrx_word' id='word_1_267' title='bbox 469 3888 572 3981; x_wconf 76' lang='lat' dir='ltr'>docet</span> <span class='ocrx_word' id='word_1_268' title='bbox 586 3888 826 3988; x_wconf 83' lang='lat' dir='ltr'>experientia,</span> <span class='ocrx_word' id='word_1_269' title='bbox 859 3886 946 3985; x_wconf 85' lang='lat' dir='ltr'>legis</span> <span class='ocrx_word' id='word_1_270' title='bbox 964 3888 1135 3960; x_wconf 78' lang='lat' dir='ltr'>trirnirnm</span> <span class='ocrx_word' id='word_1_271' title='bbox 1150 3892 1294 3964; x_wconf 78' lang='lat' dir='ltr'>moralis</span> 
     </span>
     <span class='ocr_line' id='line_1_36' title="bbox 175 3988 1293 4090; baseline 0.001 -27"><span class='ocrx_word' id='word_1_272' title='bbox 175 4060 177 4063; x_wconf 83' lang='lat'>.</span> <span class='ocrx_word' id='word_1_273' title='bbox 200 3996 312 4069; x_wconf 85' lang='lat' dir='ltr'>menti</span> <span class='ocrx_word' id='word_1_274' title='bbox 332 3995 452 4067; x_wconf 76' lang='lat' dir='ltr'>inlitae</span> <span class='ocrx_word' id='word_1_275' title='bbox 474 3990 684 4064; x_wconf 75' lang='lat' dir='ltr'>corticientia</span> <span class='ocrx_word' id='word_1_276' title='bbox 707 4004 743 4064; x_wconf 87' lang='lat' dir='ltr'>et</span> <span class='ocrx_word' id='word_1_277' title='bbox 761 3988 897 4061; x_wconf 88' lang='lat' dir='ltr'>crimen</span> <span class='ocrx_word' id='word_1_278' title='bbox 915 3988 1033 4061; x_wconf 77' lang='lat' dir='ltr'>iccata</span> <span class='ocrx_word' id='word_1_279' title='bbox 1055 3995 1293 4090; x_wconf 79' lang='lat' dir='ltr'>poenitentia3</span> 
     </span>
     <span class='ocr_line' id='line_1_37' title="bbox 226 4089 1293 4188; baseline -0.001 -20"><span class='ocrx_word' id='word_1_280' title='bbox 226 4095 363 4168; x_wconf 78' lang='lat' dir='ltr'>uamvia</span> <span class='ocrx_word' id='word_1_281' title='bbox 385 4094 512 4170; x_wconf 84' lang='lat' dir='ltr'>intima</span> <span class='ocrx_word' id='word_1_282' title='bbox 533 4089 641 4165; x_wconf 85' lang='lat' dir='ltr'>huius</span> <span class='ocrx_word' id='word_1_283' title='bbox 662 4090 715 4163; x_wconf 84' lang='lat' dir='ltr'>rei</span> <span class='ocrx_word' id='word_1_284' title='bbox 737 4089 863 4161; x_wconf 86' lang='lat' dir='ltr'>notitia</span> <span class='ocrx_word' id='word_1_285' title='bbox 884 4090 1013 4162; x_wconf 82' lang='lat' dir='ltr'>mentis</span> <span class='ocrx_word' id='word_1_286' title='bbox 1033 4092 1147 4183; x_wconf 77' lang='lat' dir='ltr'>acient</span> <span class='ocrx_word' id='word_1_287' title='bbox 1167 4096 1293 4188; x_wconf 69' lang='lat' dir='ltr'>fugiat.</span> 
     </span>
     <span class='ocr_line' id='line_1_38' title="bbox 200 4124 1305 4295; baseline -0.007 -24"><span class='ocrx_word' id='word_1_288' title='bbox 200 4124 283 4286; x_wconf 56' lang='lat' dir='ltr'>buo</span> <span class='ocrx_word' id='word_1_289' title='bbox 296 4195 411 4294; x_wconf 73' lang='lat' dir='ltr'>magis</span> <span class='ocrx_word' id='word_1_290' title='bbox 426 4209 545 4271; x_wconf 83' lang='lat' dir='ltr'>autem</span> <span class='ocrx_word' id='word_1_291' title='bbox 560 4207 655 4267; x_wconf 82' lang='lat' dir='ltr'>certa</span> <span class='ocrx_word' id='word_1_292' title='bbox 668 4191 713 4269; x_wconf 87' lang='lat' dir='ltr'>de</span> <span class='ocrx_word' id='word_1_293' title='bbox 727 4189 972 4267; x_wconf 77' lang='lat' dir='ltr'>omniscientia</span> <span class='ocrx_word' id='word_1_294' title='bbox 984 4193 1106 4269; x_wconf 65' lang='lat' dir='ltr'>diviua</span> <span class='ocrx_word' id='word_1_295' title='bbox 1120 4186 1305 4295; x_wconf 70' lang='lat' dir='ltr'>pensitatio.</span> 
     </span>
    </p>
   </div>
   <div class='ocr_carea' id='block_1_3' title="bbox 0 0 1407 4759">
    <p class='ocr_par' dir='ltr' id='par_1_3' title="bbox 0 0 1407 4759">
     <span class='ocr_line' id='line_1_39' title="bbox 0 0 1407 4759; baseline 0 0"><span class='ocrx_word' id='word_1_296' title='bbox 0 0 1407 4759; x_wconf 95' lang='lat' dir='ltr'> </span> 
     </span>
    </p>
   </div>
  </div>
 </body>
</html>
