2792 4759
520 330 580 400 D·
600 331 795 423 eeclgfiaaer·
910 358 919 392 a
1110 341 1187 426 m.

70 499 258 577 eiusmodi
271 499 439 576 instituta
453 502 600 576 omuino
622 503 780 604 perlecta
800 517 956 606 atquae
970 507 1071 584 amni
1089 521 1181 590 tem-

68 605 159 708 pori
182 619 219 677 et
239 605 499 678 cuivis-rerum
520 619 752 679 externarum
772 606 972 684 conditioni
996 621 1079 712 apta
1100 610 1178 703 fint,

68 707 320 808 reperiantur,
352 703 475 778 videat
496 706 656 805 ecclesia,
691 733 755 799 ne,
790 708 960 783 formulas
986 713 1060 785 ium
1085 714 1178 784 anti-

69 805 238 908 quandas
262 805 493 910 pertinaciter
513 799 772 906 retinendos),
810 809 867 882 vel
895 813 1032 887 animos
1057 811 1178 888 homi-

66 936 181 1002 num,
207 910 273 1009 qui
290 910 369 984 veri
386 934 512 985 norma
531 923 672 987 aeterna
686 911 793 984 unice
814 907 893 1012 regi
914 929 949 988 et
971 909 1018 990 ad
1039 915 1177 996 cutum

65 1012 144 1085 Dei
165 1011 339 1084 moralem
362 1011 516 1084 excitari
542 1009 682 1111 polsunt
702 1010 755 1109 ‘),
795 1011 917 1090 servili
941 1016 1026 1116 iugo
1053 1033 1176 1093 oneret

67 1109 174 1210 (Act⁴
192 1123 227 1205 6,
247 1127 306 1189 29.
334 1110 435 1209 82),
468 1111 527 1185 rel
544 1113 679 1212 impiae
700 1112 844 1188 cuidam
861 1115 1030 1192 licentiae
1050 1119 1175 1198 fraena

64 1215 182 1288 laxet.
240 1213 378 1287 Verum
408 1230 527 1287 autem
556 1215 740 1314 religionis
771 1239 814 1289 uc
841 1217 984 1292 virtutis
1014 1219 1172 1296 studium

69 1342 161 1390 cum
187 1313 344 1416 positivis
365 1313 450 1389 fidei
471 1313 655 1416 religiosae
681 1315 846 1388 formulis¹
867 1342 938 1392 non
963 1315 1028 1394 esse
1051 1324 1172 1396 'neces-

69 1417 167 1492 sario
188 1417 434 1510 coniunctum,
467 1443 526 1490 eos
547 1418 685 1518 potius,
724 1418 790 1518 qui
813 1417 892 1493 illas
912 1420 1100 1498 mordicus
1116 1440 1171 1498 te-
1289 1471 1292 1478 ·

66 1535 199 1611 neunt,
225 1517 468 1594 nihilosecius
481 1519 581 1594 vitiis
596 1522 766 1620 omnique
784 1520 965 1618 nequitiae
983 1523 1171 1626 indulgere

65 1618 182 1724 polle,
224 1621 295 1712 ita,
333 1635 375 1692 ut
398 1619 491 1720 ipsas
514 1619 685 1695 formulas
709 1621 790 1694 illas
813 1622 972 1722 ipsorum
998 1629 1170 1726 pravitati

66 1721 300 1826 praetendere
325 1721 496 1813 audeant,
527 1722 742 1821 religionum
764 1725 995 1824 positirarum
1018 1727 1168 1803 historia

69 1825 152 1902 satis
168 1821 393 1898 demonstrat.
447 1829 540 1894 Tum
556 1823 698 1896 ecclelia
712 1825 914 1926 prospicere
930 1827 1076 1904 iubetur
1089 1831 1167 1904 eut-

68 1925 235 2002 tuisacro
251 1940 399 2000 externo
413 1923 481 1997 rite
492 1923 728 2017 instituendo,
751 1941 803 2019 et,
825 1925 1026 2028 religionis,
1047 1929 1167 2006 sacro-

65 2056 152 2104 rum
167 2044 203 2102 et
217 2023 378 2118 ecelesiae
394 2041 519 2102 natura
534 2041 568 2101 et
583 2028 622 2100 vi
637 2042 673 2100 et
690 2028 842 2102 consiliis
861 2029 935 2104 ianr
954 2033 1166 2108 rectius'in-

65 2131 235 2222 tellectis,
260 2145 342 2231 apte
356 2129 577 2202 immutando
594 2143 702 2228 atque
717 2125 935 2204 emendando
949 2131 997 2228 ὅ)
1048 2141 1165 2206 Deni-

68 2265 135 2332 que
149 2252 273 2307 curare
288 2244 428 2332 oportet
441 2230 639 2322 ecclesiam,
665 2231 800 2302 servata
813 2246 932 2304 tamen
946 2235 1163 2332 singulorum

66 2334 299 2412 conscientiae
312 2333 494 2423 libertate,
520 2347 561 2404 ut
574 2333 648 2404 r'ita
663 2353 805 2432 (litoque
821 2347 854 2405 et
867 2334 1164 2411 moresChristia-

43 2455 48 2462 ’
66 2464 196 2514 norum
211 2462 294 2510 cum
308 2435 403 2508 veris
418 2433 599 2508 doctrinae
616 2431 835 2507 Christianae
852 2437 1052 2536 praeceptis
1068 2437 1163 2526 bene

67 2554 282 2640 congruant,
303 2537 366 2630 id,
392 2533 490 2636 quod
504 2537 637 2636 optime
654 2532 809 2610 efficitur
823 2536 955 2636 partim
970 2537 1060 2612 iusta
1074 2538 1162 2613 reli⁴

66 2645 183 2744 gionis
196 2640 418 2714 institutione
438 2640 596 2738 practica
617 2636 832 2735 monitisque
853 2637 1042 2735 gravibus,
1069 2655 1162 2715 tem-

64 2745 146 2847 pori
170 2741 463 2832 accommodatis,
500 2741 633 2839 partim
655 2738 830 2839 exemplis
857 2739 1000 2839 probis,
1036 2765 1161 2820 eornm

62 2845 299 2950 potissimum,
326 2844 391 2944 qui
406 2841 568 2916 ecclesiae
584 2841 768 2944 praesunt,
795 2865 860 2913 nec
880 2841 998 2914 minus
1018 2841 1160 2917 institn-

62 2949 110 3022 tis
131 2948 221 3050 piis,
252 2945 386 3047 quibus
406 2956 484 3018 tum
504 2966 645 3016 morum
666 2941 912 3043 depravationi
932 2967 973 3018 ac
993 2941 1158 3022 licentiae

58 3050 164 3127 frena
179 3050 404 3140 iniiciantur,
436 3060 515 3120 tum
534 3046 736 3146 paupertati
749 3059 783 3118 et
797 3045 958 3118 miseriae
973 3044 1159 3122 succurra-

58 3168 123 3225 tur
143 3166 180 3224 et
201 3149 445 3249 prospiciatur.
496 3145 597 3243 Quae
618 3172 703 3219 vero
724 3173 856 3248 nuper,
889 3171 1001 3246 quum
1020 3177 1158 3222 excom-

59 3257 258 3326 municatio
273 3250 306 3348 e)
328 3251 464 3344 minor,
496 3272 587 3350 quae
607 3248 758 3340 dicitur,
791 3273 812 3320 a
832 3248 1011 3322 sacrorum
1034 3277 1157 3325 emen·
1277 3341 1280 3346 Ι

58 3353 247 3429 datoribus
268 3354 440 3455 quidem,
464 3352 548 3425 licet
568 3350 762 3451 scripturae
780 3351 805 3422 s.
829 3349 1037 3425 auctoritate
1057 3351 1156 3430 haud

58 3458 187 3532 diserte
204 3453 502 3547 commendetur,
521 3451 724 3526 conservata
746 3468 781 3528 et
800 3451 971 3526 ministris
992 3455 1155 3531 ecclesiae

58 3553 242 3661 permissa,
276 3559 317 3630 in
337 3553 604 3632 desuetudinem
625 3549 786 3645 venisset,
822 3553 865 3628 de
888 3557 1089 3632 revocanda
1113 3561 1154 3633 iu

58 3662 239 3736 ecclesiam
249 3659 423 3734 severiore
433 3657 623 3757 disciplina
632 3657 671 3730 in
681 3655 841 3730 medium
853 3657 989 3758 prolatu
1000 3659 1079 3732 sunt
1096 3659 1153 3758 l),

57 3789 103 3836 ea
122 3789 237 3863 neqm
255 3761 418 3836 ecclesiae
441 3785 557 3858 neque
581 3759 736 3832 civitatis
756 3760 974 3850 rationibus,
1000 3775 1042 3833 ut
1057 3781 1163 3836 nune·

56 3865 156 3958 sunt,
191 3863 271 3938 satis
287 3864 519 3952 conveniunt,
553 3861 766 3962 quinetiam
785 3861 891 3962 ipsius
911 3860 1105 3963 scripturae
1121 3863 1148 3938 l.

55 3963 473 4066 dictis<ttattt1.1s‚eo.
494 3971 553 4040 aa.
583 3972 662 4056 7,1.
682 3978 716 4038 2.
744 3965 847 4036 Rom.
863 3971 919 4052 14,
935 3971 968 4035 t.
990 3977 1046 4038 ιο.
1069 3965 1151 4063 13.)

55 4085 176 4173 aperte
193 4066 432 4143 adversantur.
483 4063 587 4139 Unde
602 4076 718 4164 patet,
743 4065 925 4162 religionis
943 4063 1151 4140 doctoribus

53 4190 90 4248 et
106 4173 270 4252 eeclesiae
284 4169 471 4244 antistibus
487 4195 560 4242 nou
573 4169 636 4242 nisi
658 4167 732 4239 virn
750 4189 791 4240 ac
815 4165 1020 4265 potestatem
1035 4195 1150 4268 quan-

685 4269 726 4340 Μ
734 4294 771 4342 nt
799 4279 820 4344 2
