<?xml version="1.0" encoding="UTF-8"?>
<!DOCTYPE html PUBLIC "-//W3C//DTD XHTML 1.0 Transitional//EN"
    "http://www.w3.org/TR/xhtml1/DTD/xhtml1-transitional.dtd">
<html xmlns="http://www.w3.org/1999/xhtml" xml:lang="en" lang="en">
 <head>
  <title>
</title>
<meta http-equiv="Content-Type" content="text/html;charset=utf-8" />
  <meta name='ocr-system' content='tesseract 3.04.00' />
  <meta name='ocr-capabilities' content='ocr_page ocr_carea ocr_par ocr_line ocrx_word'/>
</head>
<body>
  <div class='ocr_page' id='page_1' title='image "./institutionesth02wegsgoog/institutionesth02wegsgoog_0080.png"; bbox 0 0 2792 4759; ppageno 0'>
   <div class='ocr_carea' id='block_1_1' title="bbox 212 335 1089 437">
    <p class='ocr_par' dir='ltr' id='par_1_1' title="bbox 212 335 1089 437">
     <span class='ocr_line' id='line_1_1' title="bbox 212 335 1089 437; baseline -0.002 -20"><span class='ocrx_word' id='word_1_1' title='bbox 212 350 258 417; x_wconf 81' lang='grc'>68</span> <span class='ocrx_word' id='word_1_2' title='bbox 416 341 679 433; x_wconf 79' lang='lat' dir='ltr'>Prolegomeaa·</span> <span class='ocrx_word' id='word_1_3' title='bbox 732 340 918 432; x_wconf 29' lang='lat' dir='ltr'>capiaris.</span> <span class='ocrx_word' id='word_1_4' title='bbox 968 335 1001 437; x_wconf 83' lang='lat'>§.</span> <span class='ocrx_word' id='word_1_5' title='bbox 1032 351 1089 418; x_wconf 82' lang='lat'>15.</span> 
     </span>
    </p>
   </div>
   <div class='ocr_carea' id='block_1_2' title="bbox 267 510 1312 915">
    <p class='ocr_par' dir='ltr' id='par_1_2' title="bbox 267 510 1312 915">
     <span class='ocr_line' id='line_1_2' title="bbox 273 510 1312 579; baseline 0.006 -16"><span class='ocrx_word' id='word_1_6' title='bbox 273 510 559 579; x_wconf 59' lang='lat' dir='ltr'>vrrhhltmffsmitsrig</span> <span class='ocrx_word' id='word_1_7' title='bbox 573 528 607 565; x_wconf 77' lang='lat' dir='ltr'>zu</span> <span class='ocrx_word' id='word_1_8' title='bbox 622 512 672 562; x_wconf 72' lang='lat' dir='ltr'>aar</span> <span class='ocrx_word' id='word_1_9' title='bbox 685 510 790 577; x_wconf 67' lang='lat' dir='ltr'>raam</span> <span class='ocrx_word' id='word_1_10' title='bbox 802 534 839 552; x_wconf 83' lang='lat'>-·</span> <span class='ocrx_word' id='word_1_11' title='bbox 848 511 921 578; x_wconf 74' lang='lat' dir='ltr'>sehr</span> <span class='ocrx_word' id='word_1_12' title='bbox 935 511 1048 565; x_wconf 70' lang='lat' dir='ltr'>sisciam</span> <span class='ocrx_word' id='word_1_13' title='bbox 1065 510 1148 565; x_wconf 71' lang='lat' dir='ltr'>sbeil</span> <span class='ocrx_word' id='word_1_14' title='bbox 1161 514 1211 567; x_wconf 68' lang='lat' dir='ltr'>ier</span> <span class='ocrx_word' id='word_1_15' title='bbox 1222 512 1312 569; x_wconf 77' lang='lat' dir='ltr'>Mm-</span> 
     </span>
     <span class='ocr_line' id='line_1_3' title="bbox 267 595 1309 667; baseline 0.001 -17"><span class='ocrx_word' id='word_1_16' title='bbox 267 598 361 667; x_wconf 82' lang='lat' dir='ltr'>solua</span> <span class='ocrx_word' id='word_1_17' title='bbox 373 599 466 665; x_wconf 73' lang='lat' dir='ltr'>saeyn,·</span> <span class='ocrx_word' id='word_1_18' title='bbox 492 595 578 647; x_wconf 79' lang='lat' dir='ltr'>rhaeilr</span> <span class='ocrx_word' id='word_1_19' title='bbox 599 612 693 660; x_wconf 74' lang='lat' dir='ltr'>wagan</span> <span class='ocrx_word' id='word_1_20' title='bbox 713 595 763 645; x_wconf 74' lang='lat' dir='ltr'>der</span> <span class='ocrx_word' id='word_1_21' title='bbox 787 596 1010 662; x_wconf 70' lang='lat' dir='ltr'>Unmilndiglreit</span> <span class='ocrx_word' id='word_1_22' title='bbox 1030 598 1107 649; x_wconf 80' lang='lat' dir='ltr'>itm</span> <span class='ocrx_word' id='word_1_23' title='bbox 1128 598 1309 667; x_wconf 74' lang='lat' dir='ltr'>Verjlaadts,</span> 
     </span>
     <span class='ocr_line' id='line_1_4' title="bbox 276 676 1310 749; baseline 0.001 -15"><span class='ocrx_word' id='word_1_24' title='bbox 276 682 362 737; x_wconf 73' lang='lat' dir='ltr'>theiis</span> <span class='ocrx_word' id='word_1_25' title='bbox 384 697 478 748; x_wconf 70' lang='lat' dir='ltr'>wegm</span> <span class='ocrx_word' id='word_1_26' title='bbox 497 680 546 730; x_wconf 75' lang='lat' dir='ltr'>der</span> <span class='ocrx_word' id='word_1_27' title='bbox 565 678 654 731; x_wconf 74' lang='lat' dir='ltr'>durch</span> <span class='ocrx_word' id='word_1_28' title='bbox 675 676 736 727; x_wconf 80' lang='lat' dir='ltr'>ihre</span> <span class='ocrx_word' id='word_1_29' title='bbox 756 694 847 744; x_wconf 70' lang='lat' dir='ltr'>ganza</span> <span class='ocrx_word' id='word_1_30' title='bbox 868 680 946 746; x_wconf 68' lang='lat' dir='ltr'>Lago</span> <span class='ocrx_word' id='word_1_31' title='bbox 970 682 1027 731; x_wconf 79' lang='lat' dir='ltr'>und</span> <span class='ocrx_word' id='word_1_32' title='bbox 1047 681 1128 733; x_wconf 76' lang='lat' dir='ltr'>ihren</span> <span class='ocrx_word' id='word_1_33' title='bbox 1148 681 1242 749; x_wconf 70' lang='lat' dir='ltr'>Baras</span> <span class='ocrx_word' id='word_1_34' title='bbox 1259 685 1310 735; x_wconf 70' lang='lat' dir='ltr'>lo·</span> 
     </span>
     <span class='ocr_line' id='line_1_5' title="bbox 267 760 1308 835; baseline 0.004 -18"><span class='ocrx_word' id='word_1_35' title='bbox 267 768 414 835; x_wconf 78' lang='lat' dir='ltr'>Jlsmmten</span> <span class='ocrx_word' id='word_1_36' title='bbox 427 780 502 829; x_wconf 71' lang='lat' dir='ltr'>ganz</span> <span class='ocrx_word' id='word_1_37' title='bbox 515 763 638 813; x_wconf 76' lang='lat' dir='ltr'>anderen</span> <span class='ocrx_word' id='word_1_38' title='bbox 646 760 794 828; x_wconf 66' lang='lat' dir='ltr'>stichum</span> <span class='ocrx_word' id='word_1_39' title='bbox 807 762 883 815; x_wconf 84' lang='lat' dir='ltr'>ihm</span> <span class='ocrx_word' id='word_1_40' title='bbox 894 763 1009 832; x_wconf 74' lang='lat' dir='ltr'>Geijles.</span> <span class='ocrx_word' id='word_1_41' title='bbox 1029 765 1077 815; x_wconf 77' lang='lat' dir='ltr'>Sic</span> <span class='ocrx_word' id='word_1_42' title='bbox 1089 768 1158 832; x_wconf 68' lang='lat' dir='ltr'>geht</span> <span class='ocrx_word' id='word_1_43' title='bbox 1168 768 1199 819; x_wconf 83' lang='lat' dir='ltr'>in</span> <span class='ocrx_word' id='word_1_44' title='bbox 1210 769 1308 835; x_wconf 78' lang='lat' dir='ltr'>dieser·</span> 
     </span>
     <span class='ocr_line' id='line_1_6' title="bbox 272 845 1267 915; baseline 0.003 -14"><span class='ocrx_word' id='word_1_45' title='bbox 272 848 407 915; x_wconf 67' lang='lat' dir='ltr'>ratificat</span> <span class='ocrx_word' id='word_1_46' title='bbox 422 864 476 899; x_wconf 81' lang='lat' dir='ltr'>nur</span> <span class='ocrx_word' id='word_1_47' title='bbox 489 847 543 899; x_wconf 77' lang='lat' dir='ltr'>den</span> <span class='ocrx_word' id='word_1_48' title='bbox 558 845 732 914; x_wconf 80' lang='lat' dir='ltr'>Sohrist·</span> <span class='ocrx_word' id='word_1_49' title='bbox 751 847 819 899; x_wconf 75' lang='lat' dir='ltr'>oder</span> <span class='ocrx_word' id='word_1_50' title='bbox 834 846 1171 915; x_wconf 69' lang='lat' dir='ltr'>Goeresgatetmn</span> <span class='ocrx_word' id='word_1_51' title='bbox 1188 853 1267 907; x_wconf 77' lang='lat' dir='ltr'>aa.”</span> 
     </span>
    </p>
   </div>
   <div class='ocr_carea' id='block_1_3' title="bbox 290 1026 1214 1263">
    <p class='ocr_par' dir='ltr' id='par_1_3' title="bbox 290 1026 1214 1263">
     <span class='ocr_line' id='line_1_7' title="bbox 665 1042 811 1108; baseline -0.014 0"><span class='ocrx_word' id='word_1_52' title='bbox 665 1051 669 1057; x_wconf 87' lang='lat'>&#39;</span> <span class='ocrx_word' id='word_1_53' title='bbox 714 1090 723 1105; x_wconf 90' lang='lat'><strong>.</strong></span> <span class='ocrx_word' id='word_1_54' title='bbox 754 1042 811 1108; x_wconf 84' lang='lat'>15.</span> 
     </span>
     <span class='ocr_line' id='line_1_8' title="bbox 290 1026 1214 1263; baseline 0 -22"><span class='ocrx_word' id='word_1_55' title='bbox 290 1172 568 1263; x_wconf 82' lang='lat' dir='ltr'>Theologiae</span> <span class='ocrx_word' id='word_1_56' title='bbox 599 1026 738 1237; x_wconf 69' lang='lat' dir='ltr'>nexis</span> <span class='ocrx_word' id='word_1_57' title='bbox 770 1194 866 1236; x_wconf 81' lang='lat' dir='ltr'>cam</span> <span class='ocrx_word' id='word_1_58' title='bbox 892 1170 1214 1263; x_wconf 73' lang='lat' dir='ltr'><strong><em>philosophia.</em></strong></span> 
     </span>
    </p>
   </div>
   <div class='ocr_carea' id='block_1_4' title="bbox 182 1316 1301 4255">
    <p class='ocr_par' dir='ltr' id='par_1_4' title="bbox 188 1316 1301 3651">
     <span class='ocr_line' id='line_1_9' title="bbox 302 1316 1300 1422; baseline 0.002 -27"><span class='ocrx_word' id='word_1_59' title='bbox 302 1319 504 1395; x_wconf 84' lang='lat' dir='ltr'>Aretissuno</span> <span class='ocrx_word' id='word_1_60' title='bbox 530 1346 613 1393; x_wconf 88' lang='lat' dir='ltr'>cum</span> <span class='ocrx_word' id='word_1_61' title='bbox 637 1344 721 1391; x_wconf 83' lang='lat' dir='ltr'>vera</span> <span class='ocrx_word' id='word_1_62' title='bbox 747 1316 972 1422; x_wconf 82' lang='lat' dir='ltr'>philosophia</span> <span class='ocrx_word' id='word_1_63' title='bbox 993 1322 1137 1395; x_wconf 77' lang='lat' dir='ltr'>vinculo</span> <span class='ocrx_word' id='word_1_64' title='bbox 1159 1321 1300 1397; x_wconf 86' lang='lat' dir='ltr'>theolo-</span> 
     </span>
     <span class='ocr_line' id='line_1_10' title="bbox 203 1420 1300 1521; baseline 0.005 -28"><span class='ocrx_word' id='word_1_65' title='bbox 203 1422 281 1521; x_wconf 81' lang='lat' dir='ltr'>gia,</span> <span class='ocrx_word' id='word_1_66' title='bbox 309 1422 335 1495; x_wconf 87' lang='lat' dir='ltr'><strong>fi</strong></span> <span class='ocrx_word' id='word_1_67' title='bbox 355 1422 411 1493; x_wconf 89' lang='lat' dir='ltr'>vel</span> <span class='ocrx_word' id='word_1_68' title='bbox 432 1422 582 1494; x_wconf 90' lang='lat' dir='ltr'>sormam</span> <span class='ocrx_word' id='word_1_69' title='bbox 602 1420 658 1491; x_wconf 86' lang='lat' dir='ltr'>vel</span> <span class='ocrx_word' id='word_1_70' title='bbox 676 1422 860 1493; x_wconf 82' lang='lat' dir='ltr'>materiem</span> <span class='ocrx_word' id='word_1_71' title='bbox 874 1422 950 1494; x_wconf 87' lang='lat' dir='ltr'>eius</span> <span class='ocrx_word' id='word_1_72' title='bbox 968 1421 1182 1521; x_wconf 81' lang='lat' dir='ltr'>respexeris,</span> <span class='ocrx_word' id='word_1_73' title='bbox 1210 1452 1300 1505; x_wconf 87' lang='lat' dir='ltr'>oon-</span> 
     </span>
     <span class='ocr_line' id='line_1_11' title="bbox 201 1520 1301 1625; baseline 0.005 -30"><span class='ocrx_word' id='word_1_74' title='bbox 201 1524 323 1597; x_wconf 89' lang='lat' dir='ltr'>iuncta</span> <span class='ocrx_word' id='word_1_75' title='bbox 340 1525 497 1597; x_wconf 84' lang='lat' dir='ltr'>cernitur</span> <span class='ocrx_word' id='word_1_76' title='bbox 512 1522 558 1621; x_wconf 82' lang='lat'>¹¹).</span> <span class='ocrx_word' id='word_1_77' title='bbox 608 1520 642 1595; x_wconf 91' lang='lat' dir='ltr'>N</span> <span class='ocrx_word' id='word_1_78' title='bbox 643 1548 688 1594; x_wconf 91' lang='lat' dir='ltr'>on</span> <span class='ocrx_word' id='word_1_79' title='bbox 706 1520 819 1595; x_wconf 90' lang='lat' dir='ltr'>solum</span> <span class='ocrx_word' id='word_1_80' title='bbox 836 1524 933 1597; x_wconf 88' lang='lat' dir='ltr'>euim</span> <span class='ocrx_word' id='word_1_81' title='bbox 955 1521 1179 1625; x_wconf 79' lang='lat' dir='ltr'>philosophia</span> <span class='ocrx_word' id='word_1_82' title='bbox 1200 1542 1301 1600; x_wconf 78' lang='lat' dir='ltr'>recte</span> 
     </span>
     <span class='ocr_line' id='line_1_12' title="bbox 202 1623 1299 1722; baseline 0.003 -25"><span class='ocrx_word' id='word_1_83' title='bbox 202 1625 357 1722; x_wconf 84' lang='lat' dir='ltr'>cogitare</span> <span class='ocrx_word' id='word_1_84' title='bbox 374 1626 491 1697; x_wconf 78' lang='lat' dir='ltr'>iustas(</span> <span class='ocrx_word' id='word_1_85' title='bbox 507 1652 551 1695; x_wconf 91' lang='lat' dir='ltr'>ue</span> <span class='ocrx_word' id='word_1_86' title='bbox 565 1648 685 1695; x_wconf 89' lang='lat' dir='ltr'>rerum</span> <span class='ocrx_word' id='word_1_87' title='bbox 704 1623 863 1696; x_wconf 90' lang='lat' dir='ltr'>notiones</span> <span class='ocrx_word' id='word_1_88' title='bbox 880 1625 1071 1698; x_wconf 82' lang='lat' dir='ltr'>ins&#39;ormare</span> <span class='ocrx_word' id='word_1_89' title='bbox 1094 1654 1157 1698; x_wconf 91' lang='lat' dir='ltr'>nos</span> <span class='ocrx_word' id='word_1_90' title='bbox 1178 1627 1299 1719; x_wconf 86' lang='lat' dir='ltr'>docet,</span> 
     </span>
     <span class='ocr_line' id='line_1_13' title="bbox 199 1652 1301 1827; baseline 0.003 -32"><span class='ocrx_word' id='word_1_91' title='bbox 199 1736 326 1797; x_wconf 70' lang='lat' dir='ltr'>rerum</span> <span class='ocrx_word' id='word_1_92' title='bbox 343 1726 449 1797; x_wconf 90' lang='lat' dir='ltr'>etiam</span> <span class='ocrx_word' id='word_1_93' title='bbox 466 1652 562 1799; x_wconf 83' lang='lat' dir='ltr'>ideas</span> <span class='ocrx_word' id='word_1_94' title='bbox 579 1724 670 1827; x_wconf 83' lang='lat' dir='ltr'>ipsas</span> <span class='ocrx_word' id='word_1_95' title='bbox 688 1724 734 1797; x_wconf 82' lang='lat' dir='ltr'>ad</span> <span class='ocrx_word' id='word_1_96' title='bbox 749 1724 957 1823; x_wconf 82' lang='lat' dir='ltr'>religionem</span> <span class='ocrx_word' id='word_1_97' title='bbox 978 1727 1170 1825; x_wconf 81' lang='lat' dir='ltr'>spectantes</span> <span class='ocrx_word' id='word_1_98' title='bbox 1187 1726 1301 1801; x_wconf 90' lang='lat' dir='ltr'>disci-</span> 
     </span>
     <span class='ocr_line' id='line_1_14' title="bbox 199 1824 1299 1929; baseline 0.004 -32"><span class='ocrx_word' id='word_1_99' title='bbox 199 1824 298 1929; x_wconf 83' lang='lat' dir='ltr'>plina</span> <span class='ocrx_word' id='word_1_100' title='bbox 320 1824 380 1897; x_wconf 89' lang='lat' dir='ltr'>sua</span> <span class='ocrx_word' id='word_1_101' title='bbox 404 1828 510 1925; x_wconf 81' lang='lat' dir='ltr'>ipsius</span> <span class='ocrx_word' id='word_1_102' title='bbox 527 1824 744 1901; x_wconf 82' lang='lat' dir='ltr'>Christianae</span> <span class='ocrx_word' id='word_1_103' title='bbox 766 1826 948 1926; x_wconf 85' lang='lat' dir='ltr'>religionis</span> <span class='ocrx_word' id='word_1_104' title='bbox 970 1827 1130 1902; x_wconf 88' lang='lat' dir='ltr'>doctrina</span> <span class='ocrx_word' id='word_1_105' title='bbox 1151 1830 1299 1929; x_wconf 90' lang='lat' dir='ltr'>puriore</span> 
     </span>
     <span class='ocr_line' id='line_1_15' title="bbox 201 1926 1296 2027; baseline 0.004 -28"><span class='ocrx_word' id='word_1_106' title='bbox 201 1926 340 2017; x_wconf 87' lang='lat' dir='ltr'>adiuta,</span> <span class='ocrx_word' id='word_1_107' title='bbox 368 1928 557 1999; x_wconf 78' lang='lat' dir='ltr'>adumbrat</span> <span class='ocrx_word' id='word_1_108' title='bbox 578 1953 706 2027; x_wconf 84' lang='lat' dir='ltr'>easque</span> <span class='ocrx_word' id='word_1_109' title='bbox 722 1928 913 2019; x_wconf 86' lang='lat' dir='ltr'>diiudicat,</span> <span class='ocrx_word' id='word_1_110' title='bbox 940 1929 1009 2019; x_wconf 92' lang='lat' dir='ltr'>ita,</span> <span class='ocrx_word' id='word_1_111' title='bbox 1034 1943 1091 2019; x_wconf 92' lang='lat' dir='ltr'>ut,</span> <span class='ocrx_word' id='word_1_112' title='bbox 1117 1945 1296 2007; x_wconf 85' lang='lat' dir='ltr'>aunuente</span> 
     </span>
     <span class='ocr_line' id='line_1_16' title="bbox 198 2026 1293 2131; baseline 0.002 -30"><span class='ocrx_word' id='word_1_113' title='bbox 198 2028 275 2127; x_wconf 81' lang='lat' dir='ltr'>ipsa</span> <span class='ocrx_word' id='word_1_114' title='bbox 291 2026 463 2131; x_wconf 73' lang='lat' dir='ltr'>hripum</span> <span class='ocrx_word' id='word_1_115' title='bbox 481 2030 506 2102; x_wconf 85' lang='lat' dir='ltr'>t&#39;.</span> <span class='ocrx_word' id='word_1_116' title='bbox 529 2030 639 2105; x_wconf 76' lang='lat' dir='ltr'>scor.</span> <span class='ocrx_word' id='word_1_117' title='bbox 660 2044 717 2120; x_wconf 87' lang='lat'>10,</span> <span class='ocrx_word' id='word_1_118' title='bbox 738 2039 794 2105; x_wconf 80' lang='lat'>15.</span> <span class='ocrx_word' id='word_1_119' title='bbox 821 2028 914 2129; x_wconf 84' lang='lat' dir='ltr'>Eph.</span> <span class='ocrx_word' id='word_1_120' title='bbox 933 2040 966 2120; x_wconf 85' lang='lat'>5,</span> <span class='ocrx_word' id='word_1_121' title='bbox 985 2044 1042 2105; x_wconf 86' lang='lat'>10.</span> <span class='ocrx_word' id='word_1_122' title='bbox 1069 2028 1161 2102; x_wconf 82' lang='lat' dir='ltr'>Phil.</span> <span class='ocrx_word' id='word_1_123' title='bbox 1182 2046 1213 2121; x_wconf 92' lang='lat'>1,</span> <span class='ocrx_word' id='word_1_124' title='bbox 1234 2046 1293 2106; x_wconf 91' lang='lat' dir='ltr'>1o.</span> 
     </span>
     <span class='ocr_line' id='line_1_17' title="bbox 203 2126 1295 2231; baseline 0.003 -30"><span class='ocrx_word' id='word_1_125' title='bbox 203 2144 220 2205; x_wconf 90' lang='lat'>1</span> <span class='ocrx_word' id='word_1_126' title='bbox 241 2126 359 2203; x_wconf 80' lang='lat' dir='ltr'>Thess.</span> <span class='ocrx_word' id='word_1_127' title='bbox 380 2142 414 2223; x_wconf 82' lang='lat'>5,</span> <span class='ocrx_word' id='word_1_128' title='bbox 433 2146 492 2207; x_wconf 82' lang='lat'>21.</span> <span class='ocrx_word' id='word_1_129' title='bbox 524 2132 575 2205; x_wconf 89' lang='lat'>10.</span> <span class='ocrx_word' id='word_1_130' title='bbox 594 2146 627 2223; x_wconf 83' lang='lat' dir='ltr'>e,</span> <span class='ocrx_word' id='word_1_131' title='bbox 649 2146 707 2207; x_wconf 76' lang='lat' dir='ltr'>aa.</span> <span class='ocrx_word' id='word_1_132' title='bbox 747 2131 831 2205; x_wconf 87' lang='lat'>110.</span> <span class='ocrx_word' id='word_1_133' title='bbox 851 2140 884 2223; x_wconf 77' lang='lat' dir='ltr'>t,</span> <span class='ocrx_word' id='word_1_134' title='bbox 905 2147 958 2221; x_wconf 81' lang='lat'>1.,</span> <span class='ocrx_word' id='word_1_135' title='bbox 993 2130 1088 2202; x_wconf 81' lang='lat' dir='ltr'>nulla</span> <span class='ocrx_word' id='word_1_136' title='bbox 1111 2132 1295 2231; x_wconf 76' lang='lat' dir='ltr'>religionis</span> 
     </span>
     <span class='ocr_line' id='line_1_18' title="bbox 196 2229 1295 2334; baseline 0.002 -31"><span class='ocrx_word' id='word_1_137' title='bbox 196 2230 348 2305; x_wconf 81' lang='lat' dir='ltr'>alieuius</span> <span class='ocrx_word' id='word_1_138' title='bbox 372 2232 539 2331; x_wconf 88' lang='lat' dir='ltr'>positivae</span> <span class='ocrx_word' id='word_1_139' title='bbox 563 2233 725 2305; x_wconf 89' lang='lat' dir='ltr'>doctrina</span> <span class='ocrx_word' id='word_1_140' title='bbox 747 2229 888 2306; x_wconf 88' lang='lat' dir='ltr'>homini</span> <span class='ocrx_word' id='word_1_141' title='bbox 912 2233 1054 2305; x_wconf 87' lang='lat' dir='ltr'>cultiori</span> <span class='ocrx_word' id='word_1_142' title='bbox 1080 2233 1183 2334; x_wconf 84' lang='lat' dir='ltr'>possit</span> <span class='ocrx_word' id='word_1_143' title='bbox 1208 2260 1295 2333; x_wconf 90' lang='lat' dir='ltr'>pro-</span> 
     </span>
     <span class='ocr_line' id='line_1_19' title="bbox 196 2330 1294 2433; baseline 0 -26"><span class='ocrx_word' id='word_1_144' title='bbox 196 2330 297 2424; x_wconf 88' lang='lat' dir='ltr'>bari,</span> <span class='ocrx_word' id='word_1_145' title='bbox 331 2334 395 2407; x_wconf 87' lang='lat' dir='ltr'>nisi</span> <span class='ocrx_word' id='word_1_146' title='bbox 417 2334 463 2408; x_wconf 87' lang='lat' dir='ltr'>ad</span> <span class='ocrx_word' id='word_1_147' title='bbox 484 2334 586 2407; x_wconf 76' lang='lat' dir='ltr'>lanae</span> <span class='ocrx_word' id='word_1_148' title='bbox 608 2333 774 2426; x_wconf 87' lang='lat' dir='ltr'>rationis,</span> <span class='ocrx_word' id='word_1_149' title='bbox 809 2332 909 2407; x_wconf 80' lang='lat' dir='ltr'>sensu</span> <span class='ocrx_word' id='word_1_150' title='bbox 930 2333 1006 2405; x_wconf 86' lang='lat' dir='ltr'>veri</span> <span class='ocrx_word' id='word_1_151' title='bbox 1028 2348 1134 2433; x_wconf 85' lang='lat' dir='ltr'>atque</span> <span class='ocrx_word' id='word_1_152' title='bbox 1153 2332 1294 2407; x_wconf 88' lang='lat' dir='ltr'>honesti</span> 
     </span>
     <span class='ocr_line' id='line_1_20' title="bbox 194 2432 1293 2539; baseline 0 -30"><span class='ocrx_word' id='word_1_153' title='bbox 194 2448 292 2509; x_wconf 84' lang='lat' dir='ltr'>recte</span> <span class='ocrx_word' id='word_1_154' title='bbox 308 2435 465 2510; x_wconf 86' lang='lat' dir='ltr'>imbutae</span> <span class='ocrx_word' id='word_1_155' title='bbox 474 2493 484 2529; x_wconf 93' lang='lat'>,</span> <span class='ocrx_word' id='word_1_156' title='bbox 511 2450 696 2539; x_wconf 82' lang='lat' dir='ltr'>praecepta</span> <span class='ocrx_word' id='word_1_157' title='bbox 714 2448 748 2510; x_wconf 87' lang='lat' dir='ltr'>et</span> <span class='ocrx_word' id='word_1_158' title='bbox 763 2432 956 2510; x_wconf 87' lang='lat' dir='ltr'>theoretica</span> <span class='ocrx_word' id='word_1_159' title='bbox 973 2449 1007 2507; x_wconf 86' lang='lat' dir='ltr'>et</span> <span class='ocrx_word' id='word_1_160' title='bbox 1023 2436 1197 2535; x_wconf 89' lang='lat' dir='ltr'>practica,</span> <span class='ocrx_word' id='word_1_161' title='bbox 1225 2464 1293 2509; x_wconf 88' lang='lat' dir='ltr'>ceu</span> 
     </span>
     <span class='ocr_line' id='line_1_21' title="bbox 196 2534 1292 2643; baseline 0.001 -34"><span class='ocrx_word' id='word_1_162' title='bbox 196 2534 243 2609; x_wconf 88' lang='lat' dir='ltr'>ad</span> <span class='ocrx_word' id='word_1_163' title='bbox 258 2536 412 2643; x_wconf 77' lang='lat' dir='ltr'>lapidem</span> <span class='ocrx_word' id='word_1_164' title='bbox 424 2538 599 2631; x_wconf 68' lang='lat' dir='ltr'>Lydium,</span> <span class='ocrx_word' id='word_1_165' title='bbox 634 2536 732 2636; x_wconf 89' lang='lat' dir='ltr'>prius</span> <span class='ocrx_word' id='word_1_166' title='bbox 749 2551 874 2609; x_wconf 87' lang='lat' dir='ltr'>exacta</span> <span class='ocrx_word' id='word_1_167' title='bbox 891 2536 1008 2609; x_wconf 85' lang='lat' dir='ltr'>suerit.</span> <span class='ocrx_word' id='word_1_168' title='bbox 1060 2536 1292 2637; x_wconf 82' lang='lat' dir='ltr'>Distinguunt</span> 
     </span>
     <span class='ocr_line' id='line_1_22' title="bbox 188 2637 1290 2736; baseline 0.001 -28"><span class='ocrx_word' id='word_1_169' title='bbox 188 2642 472 2736; x_wconf 81' lang='lat' dir='ltr'>philosophicam</span> <span class='ocrx_word' id='word_1_170' title='bbox 489 2646 668 2732; x_wconf 78' lang='lat' dir='ltr'>religionis</span> <span class='ocrx_word' id='word_1_171' title='bbox 686 2644 883 2711; x_wconf 79' lang='lat' dir='ltr'>doctrinam</span> <span class='ocrx_word' id='word_1_172' title='bbox 903 2637 929 2713; x_wconf 81' lang='lat' dir='ltr'>s&#39;.</span> <span class='ocrx_word' id='word_1_173' title='bbox 946 2643 1158 2733; x_wconf 79' lang='lat' dir='ltr'>theologiam</span> <span class='ocrx_word' id='word_1_174' title='bbox 1175 2644 1290 2709; x_wconf 88' lang='lat' dir='ltr'>ratio-</span> 
     </span>
     <span class='ocr_line' id='line_1_23' title="bbox 194 2736 1288 2839; baseline 0 -30"><span class='ocrx_word' id='word_1_175' title='bbox 194 2747 309 2813; x_wconf 82' lang='lat' dir='ltr'>nalem</span> <span class='ocrx_word' id='word_1_176' title='bbox 334 2736 393 2839; x_wconf 52' lang='grc' dir='ltr'>(ᾧ.</span> <span class='ocrx_word' id='word_1_177' title='bbox 417 2740 502 2837; x_wconf 83' lang='lat'>19.)</span> <span class='ocrx_word' id='word_1_178' title='bbox 530 2742 835 2833; x_wconf 83' lang='lat' dir='ltr'>(philoshphische</span> <span class='ocrx_word' id='word_1_179' title='bbox 850 2743 1288 2839; x_wconf 73' lang='lat' dir='ltr'>Religionrwiffenschaft,</span> 
     </span>
     <span class='ocr_line' id='line_1_24' title="bbox 193 2838 1287 2939; baseline 0.002 -24"><span class='ocrx_word' id='word_1_180' title='bbox 193 2846 637 2937; x_wconf 77' lang='lat' dir='ltr'>Religiomphilosbphie),</span> <span class='ocrx_word' id='word_1_181' title='bbox 666 2866 757 2937; x_wconf 84' lang='lat' dir='ltr'>quae</span> <span class='ocrx_word' id='word_1_182' title='bbox 773 2842 955 2939; x_wconf 81' lang='lat' dir='ltr'>religionis</span> <span class='ocrx_word' id='word_1_183' title='bbox 973 2843 1142 2914; x_wconf 86' lang='lat' dir='ltr'>naturalis</span> <span class='ocrx_word' id='word_1_184' title='bbox 1158 2838 1210 2938; x_wconf 82' lang='lat'>(§.</span> <span class='ocrx_word' id='word_1_185' title='bbox 1229 2841 1287 2939; x_wconf 83' lang='lat'>7.)</span> 
     </span>
     <span class='ocr_line' id='line_1_25' title="bbox 191 2928 1299 3039; baseline -0.002 -24"><span class='ocrx_word' id='word_1_186' title='bbox 191 2928 420 3015; x_wconf 61' lang='lat' dir='ltr'>‘fundamenta</span> <span class='ocrx_word' id='word_1_187' title='bbox 444 2942 544 3014; x_wconf 79' lang='lat' dir='ltr'>cloete</span> <span class='ocrx_word' id='word_1_188' title='bbox 567 2958 674 3039; x_wconf 84' lang='lat' dir='ltr'>atque</span> <span class='ocrx_word' id='word_1_189' title='bbox 698 2941 872 3014; x_wconf 79' lang='lat' dir='ltr'>subtiliter</span> <span class='ocrx_word' id='word_1_190' title='bbox 893 2942 1044 3013; x_wconf 86' lang='lat' dir='ltr'>illustrat</span> <span class='ocrx_word' id='word_1_191' title='bbox 1060 2940 1114 3039; x_wconf 75' lang='lat'>⁶),</span> <span class='ocrx_word' id='word_1_192' title='bbox 1149 2959 1182 3015; x_wconf 88' lang='lat' dir='ltr'>et</span> <span class='ocrx_word' id='word_1_193' title='bbox 1198 2949 1299 3039; x_wconf 50' lang='lat' dir='ltr'>pai*</span> 
     </span>
     <span class='ocr_line' id='line_1_26' title="bbox 189 3042 1289 3147; baseline 0 -31"><span class='ocrx_word' id='word_1_194' title='bbox 189 3044 391 3141; x_wconf 60' lang='lat' dir='ltr'>&#39;Iosophiam</span> <span class='ocrx_word' id='word_1_195' title='bbox 408 3048 449 3114; x_wconf 81' lang='lat' dir='ltr'>de</span> <span class='ocrx_word' id='word_1_196' title='bbox 466 3048 634 3139; x_wconf 83' lang='lat' dir='ltr'>religione</span> <span class='ocrx_word' id='word_1_197' title='bbox 650 3060 744 3113; x_wconf 85' lang='lat' dir='ltr'>certa</span> <span class='ocrx_word' id='word_1_198' title='bbox 755 3048 928 3142; x_wconf 80' lang='lat' dir='ltr'>pofitiva,</span> <span class='ocrx_word' id='word_1_199' title='bbox 954 3070 1045 3141; x_wconf 75' lang='lat' dir='ltr'>(prate</span> <span class='ocrx_word' id='word_1_200' title='bbox 1062 3042 1289 3147; x_wconf 83' lang='lat' dir='ltr'>philosophia</span> 
     </span>
     <span class='ocr_line' id='line_1_27' title="bbox 191 3144 1288 3247; baseline 0.002 -30"><span class='ocrx_word' id='word_1_201' title='bbox 191 3144 282 3221; x_wconf 88' lang='lat' dir='ltr'>duce</span> <span class='ocrx_word' id='word_1_202' title='bbox 297 3144 480 3243; x_wconf 83' lang='lat' dir='ltr'>religionis</span> <span class='ocrx_word' id='word_1_203' title='bbox 493 3145 678 3221; x_wconf 85' lang='lat' dir='ltr'>cuiusdam</span> <span class='ocrx_word' id='word_1_204' title='bbox 694 3146 859 3247; x_wconf 81' lang='lat' dir='ltr'>positivae</span> <span class='ocrx_word' id='word_1_205' title='bbox 875 3160 1123 3243; x_wconf 84' lang='lat' dir='ltr'>argumentum</span> <span class='ocrx_word' id='word_1_206' title='bbox 1137 3146 1288 3219; x_wconf 89' lang='lat' dir='ltr'>illustrat</span> 
     </span>
     <span class='ocr_line' id='line_1_28' title="bbox 190 3244 1288 3349; baseline 0 -30"><span class='ocrx_word' id='word_1_207' title='bbox 190 3260 228 3335; x_wconf 81' lang='lat' dir='ltr'>et</span> <span class='ocrx_word' id='word_1_208' title='bbox 253 3246 433 3321; x_wconf 87' lang='lat' dir='ltr'>constituit</span> <span class='ocrx_word' id='word_1_209' title='bbox 450 3244 494 3347; x_wconf 75' lang='grc' dir='ltr'>ι).</span> <span class='ocrx_word' id='word_1_210' title='bbox 554 3244 803 3349; x_wconf 85' lang='lat' dir='ltr'>Philosophiae</span> <span class='ocrx_word' id='word_1_211' title='bbox 824 3245 972 3320; x_wconf 86' lang='lat' dir='ltr'>historia</span> <span class='ocrx_word' id='word_1_212' title='bbox 995 3247 1119 3321; x_wconf 89' lang='lat' dir='ltr'>docet:</span> <span class='ocrx_word' id='word_1_213' title='bbox 1155 3250 1288 3346; x_wconf 86' lang='lat' dir='ltr'>partim</span> 
     </span>
     <span class='ocr_line' id='line_1_29' title="bbox 190 3344 1287 3451; baseline 0.002 -32"><span class='ocrx_word' id='word_1_214' title='bbox 190 3344 421 3451; x_wconf 89' lang='lat' dir='ltr'>philosophos</span> <span class='ocrx_word' id='word_1_215' title='bbox 438 3349 599 3421; x_wconf 90' lang='lat' dir='ltr'>omnium</span> <span class='ocrx_word' id='word_1_216' title='bbox 617 3362 818 3451; x_wconf 87' lang='lat' dir='ltr'>temporum</span> <span class='ocrx_word' id='word_1_217' title='bbox 840 3348 913 3421; x_wconf 87' lang='lat' dir='ltr'>sere</span> <span class='ocrx_word' id='word_1_218' title='bbox 936 3374 1056 3419; x_wconf 88' lang='lat' dir='ltr'>omnes</span> <span class='ocrx_word' id='word_1_219' title='bbox 1078 3348 1287 3447; x_wconf 85' lang='lat' dir='ltr'>religionem</span> 
     </span>
     <span class='ocr_line' id='line_1_30' title="bbox 190 3444 1287 3549; baseline 0.001 -29"><span class='ocrx_word' id='word_1_220' title='bbox 190 3450 299 3521; x_wconf 87' lang='lat' dir='ltr'>tuitos</span> <span class='ocrx_word' id='word_1_221' title='bbox 322 3444 386 3521; x_wconf 89' lang='lat' dir='ltr'>esse</span> <span class='ocrx_word' id='word_1_222' title='bbox 410 3474 538 3549; x_wconf 87' lang='lat' dir='ltr'>eosque</span> <span class='ocrx_word' id='word_1_223' title='bbox 561 3448 659 3523; x_wconf 85' lang='lat' dir='ltr'>haud</span> <span class='ocrx_word' id='word_1_224' title='bbox 680 3474 760 3521; x_wconf 86' lang='lat' dir='ltr'>raro</span> <span class='ocrx_word' id='word_1_225' title='bbox 784 3450 822 3522; x_wconf 91' lang='lat' dir='ltr'>in</span> <span class='ocrx_word' id='word_1_226' title='bbox 844 3474 886 3523; x_wconf 89' lang='lat' dir='ltr'>eo</span> <span class='ocrx_word' id='word_1_227' title='bbox 913 3446 1119 3540; x_wconf 81' lang='lat' dir='ltr'>elaborasse,</span> <span class='ocrx_word' id='word_1_228' title='bbox 1145 3464 1186 3520; x_wconf 89' lang='lat' dir='ltr'>ut</span> <span class='ocrx_word' id='word_1_229' title='bbox 1207 3450 1287 3549; x_wconf 89' lang='lat' dir='ltr'>pla-</span> 
     </span>
     <span class='ocr_line' id='line_1_31' title="bbox 191 3547 1285 3651; baseline -0.002 -27"><span class='ocrx_word' id='word_1_230' title='bbox 191 3547 263 3624; x_wconf 87' lang='lat' dir='ltr'>cita</span> <span class='ocrx_word' id='word_1_231' title='bbox 286 3550 346 3623; x_wconf 88' lang='lat' dir='ltr'>sua</span> <span class='ocrx_word' id='word_1_232' title='bbox 371 3576 449 3623; x_wconf 81' lang='lat' dir='ltr'>cum</span> <span class='ocrx_word' id='word_1_233' title='bbox 476 3548 621 3651; x_wconf 89' lang='lat' dir='ltr'>publica</span> <span class='ocrx_word' id='word_1_234' title='bbox 649 3550 831 3649; x_wconf 88' lang='lat' dir='ltr'>religionis</span> <span class='ocrx_word' id='word_1_235' title='bbox 860 3548 1021 3623; x_wconf 89' lang='lat' dir='ltr'>doctrina</span> <span class='ocrx_word' id='word_1_236' title='bbox 1045 3550 1285 3642; x_wconf 89' lang='lat' dir='ltr'>conciliarent,</span> 
     </span>
    </p>

    <p class='ocr_par' dir='ltr' id='par_1_5' title="bbox 182 3646 1287 4255">
     <span class='ocr_line' id='line_1_32' title="bbox 216 3646 1287 3752; baseline 0.001 -29"><span class='ocrx_word' id='word_1_237' title='bbox 216 3652 323 3727; x_wconf 87' lang='lat' dir='ltr'>artim</span> <span class='ocrx_word' id='word_1_238' title='bbox 339 3648 520 3751; x_wconf 85' lang='lat' dir='ltr'>theologos</span> <span class='ocrx_word' id='word_1_239' title='bbox 543 3678 563 3723; x_wconf 90' lang='lat' dir='ltr'>a</span> <span class='ocrx_word' id='word_1_240' title='bbox 587 3646 810 3752; x_wconf 83' lang='lat' dir='ltr'>philosophia</span> <span class='ocrx_word' id='word_1_241' title='bbox 826 3649 975 3723; x_wconf 82' lang='lat' dir='ltr'>subinde</span> <span class='ocrx_word' id='word_1_242' title='bbox 991 3648 1168 3745; x_wconf 80' lang='lat' dir='ltr'>systemati</span> <span class='ocrx_word' id='word_1_243' title='bbox 1184 3648 1287 3725; x_wconf 87' lang='lat' dir='ltr'>theo-</span> 
     </span>
     <span class='ocr_line' id='line_1_33' title="bbox 185 3680 1283 3855; baseline -0.002 -28"><span class='ocrx_word' id='word_1_244' title='bbox 185 3680 303 3853; x_wconf 78' lang='lat' dir='ltr'>iiigiae</span> <span class='ocrx_word' id='word_1_245' title='bbox 324 3752 536 3827; x_wconf 86' lang='lat' dir='ltr'>exstruendo</span> <span class='ocrx_word' id='word_1_246' title='bbox 551 3752 780 3827; x_wconf 82' lang='lat' dir='ltr'>fundamenta</span> <span class='ocrx_word' id='word_1_247' title='bbox 801 3750 953 3855; x_wconf 83' lang='lat' dir='ltr'>petiisse3</span> <span class='ocrx_word' id='word_1_248' title='bbox 987 3778 1059 3850; x_wconf 85' lang='lat' dir='ltr'>quo</span> <span class='ocrx_word' id='word_1_249' title='bbox 1073 3754 1208 3826; x_wconf 88' lang='lat' dir='ltr'>sactum</span> <span class='ocrx_word' id='word_1_250' title='bbox 1221 3751 1283 3845; x_wconf 88' lang='lat' dir='ltr'>est,</span> 
     </span>
     <span class='ocr_line' id='line_1_34' title="bbox 184 3852 1284 3955; baseline -0.002 -28"><span class='ocrx_word' id='word_1_251' title='bbox 184 3870 231 3927; x_wconf 32' lang='lat' dir='ltr'>‘ut</span> <span class='ocrx_word' id='word_1_252' title='bbox 246 3852 489 3955; x_wconf 87' lang='lat' dir='ltr'>philosophiae</span> <span class='ocrx_word' id='word_1_253' title='bbox 506 3855 746 3934; x_wconf 81' lang='lat' dir='ltr'>couverfiones</span> <span class='ocrx_word' id='word_1_254' title='bbox 763 3857 959 3927; x_wconf 81' lang='lat' dir='ltr'>maximam</span> <span class='ocrx_word' id='word_1_255' title='bbox 976 3852 1113 3955; x_wconf 86' lang='lat' dir='ltr'>semper</span> <span class='ocrx_word' id='word_1_256' title='bbox 1127 3856 1202 3927; x_wconf 82' lang='lat' dir='ltr'>vim</span> <span class='ocrx_word' id='word_1_257' title='bbox 1217 3880 1284 3925; x_wconf 84' lang='lat' dir='ltr'>ex-</span> 
     </span>
     <span class='ocr_line' id='line_1_35' title="bbox 185 3953 1285 4055; baseline -0.005 -23"><span class='ocrx_word' id='word_1_258' title='bbox 185 3954 361 4032; x_wconf 79' lang='lat' dir='ltr'>seruerint</span> <span class='ocrx_word' id='word_1_259' title='bbox 389 3958 432 4031; x_wconf 88' lang='lat' dir='ltr'>in·</span> <span class='ocrx_word' id='word_1_260' title='bbox 457 3953 656 4053; x_wconf 89' lang='lat' dir='ltr'>theologiae</span> <span class='ocrx_word' id='word_1_261' title='bbox 687 3955 838 4028; x_wconf 89' lang='lat' dir='ltr'>sormam</span> <span class='ocrx_word' id='word_1_262' title='bbox 868 3955 1054 4054; x_wconf 84' lang='lat' dir='ltr'>ipsumque</span> <span class='ocrx_word' id='word_1_263' title='bbox 1079 3958 1155 4029; x_wconf 88' lang='lat' dir='ltr'>eiu&#39;s</span> <span class='ocrx_word' id='word_1_264' title='bbox 1178 3980 1285 4055; x_wconf 88' lang='lat' dir='ltr'>argu-</span> 
     </span>
     <span class='ocr_line' id='line_1_36' title="bbox 186 4055 1284 4156; baseline -0.006 -23"><span class='ocrx_word' id='word_1_265' title='bbox 186 4072 348 4133; x_wconf 84' lang='lat' dir='ltr'>mentum</span> <span class='ocrx_word' id='word_1_266' title='bbox 363 4055 410 4154; x_wconf 69' lang='lat' dir='ltr'>s).</span> <span class='ocrx_word' id='word_1_267' title='bbox 463 4056 543 4149; x_wconf 80' lang='lat' dir='ltr'>Quo</span> <span class='ocrx_word' id='word_1_268' title='bbox 558 4058 671 4155; x_wconf 87' lang='lat' dir='ltr'>magis</span> <span class='ocrx_word' id='word_1_269' title='bbox 688 4068 807 4129; x_wconf 85' lang='lat' dir='ltr'>autem</span> <span class='ocrx_word' id='word_1_270' title='bbox 823 4055 947 4128; x_wconf 87' lang='lat' dir='ltr'>nostris</span> <span class='ocrx_word' id='word_1_271' title='bbox 963 4057 1183 4154; x_wconf 86' lang='lat' dir='ltr'>temporibus</span> <span class='ocrx_word' id='word_1_272' title='bbox 1197 4082 1284 4156; x_wconf 89' lang='lat' dir='ltr'>pro-</span> 
     </span>
     <span class='ocr_line' id='line_1_37' title="bbox 182 4152 1284 4255; baseline -0.002 -24"><span class='ocrx_word' id='word_1_273' title='bbox 182 4152 302 4255; x_wconf 78' lang='lat' dir='ltr'>gressu</span> <span class='ocrx_word' id='word_1_274' title='bbox 324 4156 568 4237; x_wconf 85' lang='lat' dir='ltr'>doctrinarum</span> <span class='ocrx_word' id='word_1_275' title='bbox 592 4158 753 4235; x_wconf 87' lang='lat' dir='ltr'>omnium</span> <span class='ocrx_word' id='word_1_276' title='bbox 775 4158 873 4250; x_wconf 74' lang='lat' dir='ltr'>fida</span> <span class='ocrx_word' id='word_1_277' title='bbox 899 4164 1121 4231; x_wconf 69' lang='lat' dir='ltr'>auctoritatis</span> <span class='ocrx_word' id='word_1_278' title='bbox 1149 4156 1284 4255; x_wconf 85' lang='lat' dir='ltr'>qualis-</span> 
     </span>
    </p>
   </div>
   <div class='ocr_carea' id='block_1_5' title="bbox 0 0 1400 4759">
    <p class='ocr_par' dir='ltr' id='par_1_6' title="bbox 0 0 1400 4759">
     <span class='ocr_line' id='line_1_38' title="bbox 0 0 1400 4759; baseline 0 8"><span class='ocrx_word' id='word_1_279' title='bbox 0 0 1400 4759; x_wconf 95' lang='lat' dir='ltr'> </span> 
     </span>
    </p>
   </div>
  </div>
 </body>
</html>
