2792 4759
205 345 277 434 ¹2⁰
456 384 460 392 ·
496 337 588 416 Pars
610 339 644 404 Ι.
693 331 778 425 0⁰1²·
803 331 856 400 Ι..
885 322 920 424 §.
949 335 1007 406 Sl.

578 572 582 579 -
715 578 722 594 .
752 526 811 596 34.
903 594 907 602 .

356 656 610 738 Anthemio
643 514 985 749 et§integritar
1018 659 1068 730 N·
1105 660 1149 729 T.

306 813 378 888 Etsi
393 809 474 882 satis
490 808 673 882 evidenter
687 807 922 882 demonstrari
944 835 1016 882 non
1037 805 1169 910 potest,
1196 825 1323 883 eran-¹

250 918 298 988 lia
321 927 474 1012 quatuor
495 911 639 1014 prorsus
663 911 788 984 eadem
809 912 946 1002 sornta,
986 937 1095 1010 quam
1118 937 1214 984 nunc
1238 910 1320 985 ha-

205 945 311 1109 strut,
345 1027 380 1086 et
402 1012 521 1088 statim
543 1013 622 1116 post
644 1029 797 1086 mortem
815 1013 891 1087 Iesu
908 1011 1060 1106 Christi,
1086 1011 1133 1084 als
1150 1015 1318 1087 auctori-

203 1118 294 1213 ltus,
330 1114 462 1216 quibus
486 1117 714 1208 tribuuntur,
754 1116 912 1217 prosecta
930 1114 986 1214 ⁰),
1021 1131 1055 1188 et
1079 1111 1124 1188 rai
1147 1113 1315 1208 οἶντολογᾶ-

205 1250 282 1318 μοοοο
300 1215 337 1316 ⁶)
366 1243 600 1319 quaecunque
622 1217 827 1292 authentica
852 1215 940 1291 esse:
981 1231 1045 1302 τοῖς
1067 1221 1316 1313 ὁμολογουμένοις

205 1336 332 1396 umen·
342 1320 415 1394 sere
429 1322 598 1395 omuibus·
611 1320 645 1419 θ)
660 1336 696 1394 et
712 1319 903 1419 evangeliis
919 1319 1086 1420 quidem,
1112 1319 1201 1394 locis
1221 1346 1318 1396 non-

205 1422 335 1515 nullis,
373 1422 420 1494 de
442 1424 577 1524 quibus
599 1421 806 1514 dubitatur,
845 1422 1006 1522 exceptis
1027 1419 1082 1519 s),
1125 1419 1316 1494 authentia

207 1523 311 1603 sensu
329 1523 504 1598 strictiore
522 1525 618 1598 dicta
639 1521 738 1596 haud
759 1523 829 1596 fine
851 1523 1052 1596 rationibus
1072 1523 1207 1596 idoneis
1226 1523 1315 1596 riu—

205 1627 360 1705 dicatu.
411 1625 563 1716 Exstant
583 1626 681 1700 enim
709 1641 915 1726 argumenta
939 1623 1141 1698 authentiae
1164 1641 1313 1710 exrema

207 1731 249 1804 in
271 1729 483 1816 testimoniis
506 1754 579 1802 non
600 1727 715 1800 solum
738 1729 884 1816 Parrum
907 1729 1149 1828 antiquiorum
1170 1727 1316 1822 Poly-

208 1832 359 1930 carpi,
386 1831 557 1904 lustini
579 1831 649 1921 M.,
677 1827 953 1930 Theophili,
986 1830 1183 1922 irenaei,
1211 1828 1316 1902 cle-

209 1934 380 2008 mentis
404 1933 555 2024 Alex„
590 1931 906 2022 Tertulliani,
942 1929 1183 2032 Origenis,
1222 1933 1316 2004 Eu-

210 2034 231 2109 s
235 2035 335 2108 elsii
356 2034 578 2132 aliorumque
596 2031 650 2131 ‘),
675 2031 858 2108 sedetiam
875 2032 1137 2106 haereticorum
1151 2048 1312 2108 veterum

210 2163 248 2209 v.
266 2162 298 2209 e.
322 2135 657 2233 illarescens),
686 2139 948 2230 Gnosticorum,
974 2138 1240 2220 Εὸἱοηίιαηοιοο,
1275 2149 1310 2207 et

211 2235 496 2311 adversariorum
517 2237 700 2310 doctrinae
720 2265 755 2310 v.
772 2263 803 2310 o.
823 2237 925 2311 Cels
930 2239 944 2308 i
952 2294 962 2330 ‚
989 2236 1245 2339 Porphyrii
1259 2236 1312 2335 t).

211 2339 364 2434 Accedit
377 2339 593 2431 versionum,
617 2337 774 2434 syriacae
791 2354 825 2412 et
841 2339 971 2412 latinae
986 2340 1225 2439 aliarumque,
1250 2365 1317 2410 an-

212 2443 363 2542 tiquitas
379 2455 414 2514 et
429 2439 629 2513 sollicitudo
644 2439 867 2516 ecclesiarum
882 2441 1221 2542 antiquissimarum,
1244 2466 1319 2540 qua

212 2533 255 2618 in
273 2528 450 2644 orig'ineni
468 2536 645 2632 librorum
663 2539 701 2617 ss.
724 2541 936 2644 inquisivisse
959 2543 1147 2626 dicuutur..
1191 2543 1319 2642 Neque

213 2645 341 2718 desunt
364 2660 573 2744 argumenta
594 2644 799 2720 authentiae
822 2651 961 2718 interno
988 2671 1008 2718 e
1032 2645 1136 2718 listris
1160 2646 1262 2747 ipsis,
1295 2671 1318 2718 e

213 2747 357 2845 liuguae
391 2763 426 2819 et
457 2771 578 2818 rerum
610 2747 823 2819 traditarum
848 2748 968 2820 indole
993 2749 1114 2848 petita.
1176 2747 1319 2840 Quibus

215 2847 384 2919 omnibus
415 2848 508 2920 bene
538 2847 715 2948 pegrensis
740 2849 779 2920 in
803 2849 1008 2922 universum
1033 2847 1192 2923 iudicare
1210 2850 1318 2940 licet,

213 2947 263 3022 Ν.
287 2947 333 3019 Τ.
359 2947 573 3047 scripturam
601 2950 652 3020 ita
676 2946 742 3021 esse
765 2976 843 3023 com
870 2966 1024 3042 aratam,
1058 2967 1118 3044 ut,
1154 2949 1320 3022 adhibita

214 3048 326 3122 etiam
339 3050 420 3121 crisi
435 3050 517 3122 lana
563 3048 753 3149 hilologica
773 3067 808 3124 et
828 2979 1093 3153 pstilosophica,
1120 3050 1268 3125 historia
1282 3065 1323 3124 et

215 3149 380 3224 doctriua
404 3151 481 3223 Iesu
505 3151 533 3224 C
580 3152 638 3223 isti
667 3166 703 3224 et
725 3152 976 3254 Apostolorum
999 3155 1083 3228 iude
1105 3156 1184 3228 erui
1212 3169 1323 3254 queat

213 3250 288 3325 ‘fide
310 3252 535 3352 dignissima„
574 3255 747 3327 Auctores
771 3257 867 3330 enim
889 3256 946 3328 vel
971 3257 1037 3357 ipsi
1058 3257 1160 3330 testes
1182 3273 1217 3329 et
1240 3256 1325 3356 spe

217 3367 369 3428 ctatores
390 3354 484 3427 vitae
506 3355 760 3456 doctrinaeque
783 3357 859 3430 Iesu
882 3356 1013 3430 Christi
1036 3359 1153 3452 suere,
1189 3357 1248 3432 vel
1267 3373 1326 3430 te-

216 3455 326 3529 stium
347 3457 494 3529 comites
517 3472 552 3530 et
573 3457 678 3550 l'ocii,
705 3458 792 3532 sicut
809 3461 951 3532 Marcus
967 3463 1148 3554 ethaeas,
1175 3475 1228 3554 et,
1257 3461 1327 3562 qui

216 3556 293 3660 ipse
305 3557 557 3660 Apostolorum
578 3562 695 3633 coetui
716 3559 827 3634 scrius
850 3559 1047 3664 adscriptus
1064 3563 1151 3657 suit,
1177 3561 1324 3636 Paulus.

218 3663 353 3737 (sumes
376 3674 497 3734 autent
517 3663 676 3749 veritatis
700 3680 734 3736 et
760 3663 949 3763 probitatis
972 3665 1130 3738 studium
1148 3665 1326 3764 singulare

216 3787 304 3862 prae
325 3763 361 3837 se
381 3764 512 3837 s'erunt.
562 3765 806 3862 integritatem
820 3772 972 3842 ‚totalem
996 3767 1040 3840 N.
1060 3769 1107 3840 T.
1129 3768 1233 3842 libris
1256 3768 1326 3839 tri-

214 3865 362 3938 buimus
375 3889 481 3958 eam,
514 3889 587 3963 qun
605 3867 701 3938 nulla
716 3863 825 3938 huius
840 3869 1058 3942 collectionis
1079 3893 1162 3970 pars
1183 3865 1325 3970 periisse

216 3979 383 4066 putatur,
416 3973 633 4061 partialem,
668 3983 843 4067 (quatenus
867 3967 955 4042 libri
981 3971 1181 4072 superstites
1208 3996 1324 4044 exeo

215 4066 302 4141 inde
316 4082 496 4168 tempore,
531 4097 603 4171 quo
623 4069 666 4142 in
686 4097 800 4146 unum
821 4071 989 4148 volumen
1009 4076 1146 4176 recepti
1166 4073 1323 4164 suerunt,
1384 4071 1386 4076 ’

217 4191 283 4238 neo
307 4167 435 4241 {raude
456 4197 522 4245 nec
546 4171 629 4248 casu
651 4186 725 4246 tam
746 4175 905 4273 graviter
926 4176 1131 4278 interpolati
1151 4175 1252 4270 sunt,
1285 4191 1326 4250 ut
