2792 4759
511 392 569 458 De
592 394 792 483 Religione.
1158 407 1206 499 ῃ

92 566 212 664 gionis
228 566 339 657 ideis,
367 589 432 665 per
451 580 586 636 rectam
607 566 782 637 rationem
799 560 939 636 homini
959 566 1070 636 aDeo
1086 568 1204 639 mani-

92 668 247 759 festatis,
285 668 392 739 unice
416 666 525 738 fidem
551 665 710 739 habendi
733 682 788 757 et,
828 664 965 739 summa
986 668 1119 739 rationi
1139 664 1206 742 aul

92 770 258 843 ctoritate
281 770 479 860 vindicata,
514 769 740 841 revelationis
762 769 935 867 cuiusque
957 769 1123 867 opinatae
1142 769 1203 841 sn-

90 870 331 971 pernaturalis
352 886 618 966 argumentum,
653 897 725 942 non
747 872 812 942 nili
835 871 880 941 ad
902 871 995 966 loges
1017 871 1200 967 cogitandi

90 973 294 1073 agendique
311 964 451 1043 homini
467 998 485 1042 a
500 974 576 1043 Deo
591 973 708 1043 inlitas
723 988 889 1045 exactum
906 971 1094 1071 probandi.
1130 972 1198 1045 Ni-

89 1078 182 1147 titur
201 1098 241 1147 ea
261 1072 435 1175 persuasio
451 1072 508 1145 his
527 1074 744 1173 potissimum
759 1074 977 1163 rationibus,
1004 1100 1096 1173 <quae
1111 1099 1197 1173 par-

88 1178 159 1249 tim
176 1202 224 1248 ex
245 1178 319 1277 ipsa
336 1172 513 1249 humanae
534 1177 830 1266 mentis'natura,
856 1176 989 1274 partim
1002 1201 1049 1247 ex
1063 1176 1194 1249 summi

89 1280 251 1354 numinis
278 1278 359 1349 idea
387 1293 481 1351 recte
510 1278 737 1351 informanda
764 1277 954 1350 ducuntur.
1012 1283 1192 1363 Primum,

87 1378 203 1453 homo
216 1380 422 1478 simulatque
439 1405 480 1451 eo
499 1382 679 1480 pervenit,
713 1394 755 1452 ut
773 1379 923 1451 rationis
943 1394 979 1452 et
997 1376 1108 1451 officii
1125 1378 1195 1453 sibi

90 1483 251 1557 conscius
275 1483 336 1574 lit,
371 1478 502 1555 necesse
526 1482 575 1553 est
601 1483 776 1554 rationem
798 1480 963 1580 agnoscat
990 1480 1192 1579 supremam

89 1584 326 1685 cognoscendi
345 1586 421 1655 rim
438 1579 490 1679 (b.
509 1582 583 1681 2.),
611 1584 712 1656 cuins
727 1583 867 1655 decreta
888 1582 927 1654 in
945 1582 1113 1654 omnibus
1133 1582 1193 1656 vel

90 1686 367 1787 cogitationibus
388 1686 444 1757 vel
466 1684 666 1763 actionibus
687 1686 824 1757 servare
838 1684 975 1757 debeat.
1029 1683 1192 1775 Quicun-

90 1814 160 1887 que
183 1804 320 1880 autem,
360 1786 475 1887 spreto
496 1786 566 1860 hoc
594 1789 743 1859 rationis
767 1784 943 1859 humanae
970 1786 1201 1886 principatu,

89 1890 333 1981 revelationis,
361 1916 452 1989 quae
471 1890 577 1961 modo
595 1888 851 1988 supernaturali
871 1890 917 1960 ad
936 1904 1049 1962 certos
1067 1885 1189 1960 homi-

88 2018 152 2065 nes
168 1992 281 2063 delata
297 1991 449 2081 dicitur,
478 2017 555 2063 eam
572 1989 637 2063 else
659 1992 904 2063 auctoritatem
926 1991 1063 2082 statuit,
1091 2005 1132 2062 ut
1152 1990 1200 2063 ei·

86 2096 159 2167 line
179 2094 251 2165 ulla
267 2092 489 2165 dubitatione
507 2118 611 2165 coeco
629 2093 785 2190 quodam
801 2093 970 2165 instinctu
988 2093 1189 2191 parendum

87 2197 147 2288 iit,
174 2198 205 2267 is
223 2222 345 2267 veram
363 2193 521 2267 hominis
542 2209 705 2285 naturam
726 2219 767 2266 ac
788 2195 997 2293 dignitatem
1017 2192 1110 2265 tollit
1131 2208 1187 2265 at·

88 2326 159 2398 que
183 2300 320 2370 avertit.
374 2302 513 2369 Deinde
536 2296 836 2394 quernadrnodum
861 2297 981 2368 omnia
1010 2295 1079 2366 alia
1107 2295 1188 2367 ani-

85 2400 226 2472 mantia
247 2400 292 2469 iis
309 2400 447 2471 viribus
467 2398 626 2499 praedita
647 2398 746 2490 litut,
780 2398 913 2497 quibus
937 2411 1083 2469 naturae
1103 2396 1188 2467 suae

88 2502 180 2573 fines
210 2498 366 2571 obtinere
394 2502 540 2601 possint,
582 2500 633 2571 ita
659 2500 730 2571 [ino
754 2499 885 2591 dubio,
898 2496 905 2502 ’
919 2499 1076 2587 rationo,
1112 2521 1185 2594 qua

88 2600 165 2673 sola
189 2600 326 2699 reliqua
347 2604 537 2675 animantia
565 2600 749 2701 superant,
783 2598 992 2672 hominibus
1016 2594 1186 2687 concessa,

85 2703 238 2776 facultas
256 2702 336 2774 data
350 2702 415 2797 est,
444 2730 534 2803 quae
551 2704 595 2774 ad
611 2704 764 2775 summos
780 2702 919 2801 generis
932 2697 1084 2773 humani
1096 2698 1186 2770 sines

85 2805 319 2897 obtinendos,
346 2805 479 2879 scilicet
501 2806 545 2877 ad
567 2802 683 2876 officia
700 2804 831 2876 tuenda
854 2819 888 2875 et
908 2802 953 2874 ad
975 2801 1184 2901 religionem

84 2908 270 2981 colendam
286 2908 460 3008 spectant,
482 2906 702 3003 intelligendi
716 2923 751 2978 et
766 2905 976 2979 observandi
988 2902 1033 3003 t).
1092 2908 1198 2974 Tum.

84 3006 242 3083 bumana
266 3037 367 3082 mens
395 3008 534 3108 legibus
560 3008 740 3107 cogitandi
762 3010 828 3110 ipsi
853 3008 984 3080 innatis
1012 3005 1183 3096 subiecta,

83 3138 318 3211 quaecuuque
341 3112 494 3184 sensibus
511 3112 749 3200 occurrerint,
783 3113 949 3212 proxime
970 3108 1118 3207 quidem
1138 3106 1185 3179 ad

82 3214 227 3287 causam
250 3213 409 3313 aliquam
436 3214 475 3285 in
502 3210 636 3285 mundo
662 3212 815 3284 sensibus
836 3212 943 3284 obvio
967 3212 1099 3283 reserre
1121 3214 1185 3282 eoss

82 3318 181 3416 gitur
196 3312 252 3411 ⁵);
292 3314 444 3413 ideoque
467 3314 603 3388 stultae.
613 3310 693 3385 esset
721 3314 962 3413 arrogantiae,
995 3310 1184 3386 ficausam

82 3432 232 3490 eventus
253 3419 293 3491 in
316 3442 436 3489 rerum
460 3432 587 3488 natura
609 3415 785 3492 observati
809 3442 880 3487 non
901 3415 1018 3487 statim
1041 3412 1184 3516 perspe-

81 3522 200 3611 xerit,
218 3544 296 3592 eam
310 3518 453 3620 prorsus
468 3544 595 3618 negare
608 3518 697 3590 velle
713 3532 748 3590 et
763 3516 1062 3617 supernaturalem
1077 3541 1184 3588 even-

81 3636 165 3693 tum
179 3620 246 3693 sibi
258 3622 409 3721 fingere,
437 3621 538 3695 cuius
555 3635 648 3693 certa
663 3620 839 3717 quaedam
854 3634 938 3694 nota
952 3616 1185 3693 demonstrati

85 3722 234 3791 omnino
255 3725 379 3823 nequit
395 3723 438 3823 ι).
496 3730 687 3799 Praetereo
717 3748 830 3821 quum
852 3721 971 3820 plures
1000 3716 1184 3816 religionis

85 3822 287 3917 doctrinae,
313 3850 404 3925 quae
424 3825 531 3925 vulgo
552 3829 725 3921 pofitirne
746 3824 933 3915 dicuntur,
960 3818 1184 3893 revelationis

83 3924 397 4026 divinae'ciusque
420 3926 701 4029 supernaturalis
718 3926 928 4025 dignitatem
951 3922 1017 3993 libi
1037 3918 1183 3992 assecta⁴

82 4028 219 4119 verint,
245 4025 387 4101 homini
406 4030 469 4103 nist
490 4054 594 4102 cocco
615 4028 771 4129 (pradum
792 4026 942 4099 arbitrio
963 4024 1107 4096 alteram
1130 4021 1182 4092 al·
1254 4050 1257 4058 ·

83 4130 149 4203 teri
166 4132 348 4231 praescire
364 4132 467 4223 velit,
501 4130 598 4205 nulla
619 4131 688 4203 alia
710 4132 802 4203 ratio
826 4144 861 4199 ot
885 4126 944 4199 ria
957 4152 1022 4199 eas
1043 4125 1183 4199 tutum·

85 4228 342 4327 naudi'datur,
378 4258 486 4331 quam
507 4247 548 4309 ut
567 4232 712 4307 illarum
737 4232 866 4331 placita
891 4256 973 4303 cum
995 4230 1060 4321 iis,
1094 4252 1185 4327 qnae
