2792 4759
585 341 790 435 Praefatio·
1183 366 1240 416 xv
1299 430 1306 441 .

134 532 208 593 mm
223 530 451 620 temporum,
485 541 558 599 nou
576 518 779 617 patrocinia
795 514 1046 617 personarum,
1075 543 1146 590 non
1164 517 1242 619 pri-

1 674 3 683 *
133 640 309 739 vilegium
333 638 550 737 religionum
573 633 805 735 (Tertull.
830 633 875 710 de
898 633 1241 734 rel.1v,irg.„c.l.4),

135 756 278 831 iecerte
291 756 366 835 firit
377 752 562 829 Lntherus
584 756 764 855 ceterique
784 753 966 830 sacrorum
984 753 1241 847 emendatores,

135 900 291 977 quorum
311 875 525 979 exemplum
543 873 600 947 ilh'
615 875 768 949 minime
783 874 990 965 imitantur,
1022 873 1105 973 qui,
1136 872 1243 973 quie-

136 993 228 1093 quid
242 990 322 1094 post
336 992 415 1067 illos
431 994 471 1065 in
485 1016 607 1065 rerum
620 991 824 1065 divinarum
838 990 1000 1069 doctrina
1014 1006 1079 1063 eut
1088 990 1242 1092 scriptae

135 1110 242 1184 raes.
261 1108 550 1211 interpretatione
566 1108 694 1183 melina
709 1108 938 1187 constitutum
955 1109 1083 1202 fuerit,
1113 1110 1172 1198 rel
1185 1095 1241 1184 sa-

137 1226 312 1321 rudiunt,
334 1228 389 1301 vel
405 1228 445 1303 in
460 1226 700 1330 suspicionem
716 1229 851 1329 impiae
865 1228 1115 1313 novaturiendi
1128 1244 1240 1305 temo·

138 1348 257 1439 ritatir
279 1346 469 1423 adducunt.
531 1345 664 1441 Quodsi
687 1344 848 1421 Luthero
874 1347 1021 1449 eiuupue
1044 1344 1150 1424 sociis
1172 1374 1240 1433 nof

135 1468 229 1541 vitae
250 1482 323 1542 tam
335 1465 459 1541 -invisa
480 1464 616 1560 fuisset,
648 1465 716 1539 ubi
736 1492 833 1541 nunc
851 1465 958 1542 essent
977 1467 1038 1541 illa
1057 1466 1240 1549 sacrorum

134 1587 183 1661 ub
204 1587 250 1661 iis
275 1586 547 1663 emendatorum
569 1586 740 1688 pignora,
772 1610 865 1687 qnae
884 1586 941 1659 illi
962 1602 1111 1688 propter
1128 1586 1239 1668 solam

132 1702 362 1798 vetulutem,
399 1732 467 1779 noe
489 1704 539 1779 eb
550 1704 702 1778 divinae
722 1705 883 1778 veritatis
900 1702 1035 1780 semina
1055 1706 1096 1779 in
1118 1705 1165 1779 iie
1185 1706 1240 1779 la*

133 1814 247 1903 tentia
262 1820 498 1900 edomamus?
529 1822 631 1900 -lllud
650 1837 772 1897 autem
789 1822 981 1924 praecipue
999 1836 1109 1924 agant
1125 1823 1240 1915 eccle·
1272 1852 1287 1863 ·

134 1946 202 2020 siae
218 1934 398 2037 dectores,
425 1934 467 2017 ut
481 1937 614 2017 Christi
629 1956 665 2015 et
676 1937 930 2042 Apostolorum
943 1938 988 2015 de
1002 1942 1078 2015 Deo
1091 1938 1238 2018 senctise

133 2065 219 2139 fimo
240 2078 276 2139 et
298 2062 348 2137 de
366 2059 532 2135 moribus
551 2074 586 2133 et
610 2055 740 2132 officiis
762 2058 962 2133 doctrinam
985 2082 1094 2157 quam
1119 2057 1238 2160 puris7

134 2184 258 2257 limem
283 2180 420 2283 populo
443 2176 583 2257 strenue
600 2178 841 2279 impertiant,
872 2192 923 2252 ‚ut
947 2178 1024 2251 eius
1045 2181 1237 2255 veritatem

1 2330 2 2337 ¹
134 2296 234 2373 haud
254 2296 301 2371 ab
317 2296 475 2396 anfiquie
490 2294 700 2395 dogmatum
721 2293 884 2370 formulis
906 2310 941 2369 et
961 2293 1123 2371 locorum
1144 2323 1237 2397 quo-

134 2412 289 2493 rundam
306 2410 562 2487 subtilitatibus
585 2412 758 2514 pendere,
791 2411 853 2485 sed
875 2410 953 2513 ipsa
974 2414 1087 2487 animi
1109 2428 1236 2489 natura

134 2529 230 2605 bene
244 2530 403 2623 exculte,
427 2545 604 2605 annuente
619 2528 857 2633 scripturas,
882 2531 1016 2630 optime
1031 2532 1237 2640 confirmari

134 2644 336 2751 ostendant3
370 2661 411 2722 ut
429 2644 554 2722 sensim
575 2646 710 2733 relictis
732 2662 795 2721 aut
810 2648 942 2721 rectius
957 2646 1155 2721 constitutis
1169 2648 1236 2723 do-

130 2770 270 2843 ctrinae
284 2766 465 2861 formulis,
491 2792 584 2868 quae
600 2768 708 2843 certis
720 2780 861 2841 tantum
872 2761 1061 2839 homiuum
1080 2790 1123 2840 ac
1142 2781 1235 2862 tem,-

130 2910 262 2988 porum
289 2870 492 2957 rationibus
519 2886 806 2959 accommodatae
834 2884 991 2978 fuerint,
1028 2882 1129 2961 haud
1156 2912 1234 2962 am-

130 3004 227 3109 plius
251 3000 483 3077 defendendis
511 3002 558 3077 ad
583 3004 833 3105 simpliciorem
856 3001 968 3101 τρόπον
993 3002 1152 3100 arcissae,
1194 3008 1235 3082 in

129 3118 214 3221 ipsis
238 3119 284 3193 N.
307 3118 355 3193 Τ.
383 3118 488 3193 libris
513 3116 551 3191 ss.
581 3143 692 3219 aeque
720 3120 920 3193 indicatum
945 3118 1098 3221 ideoque
1124 3125 1234 3201 etiam

129 3238 297 3339 positivae
323 3234 510 3309 doctrinae
536 3232 652 3309 forma
680 3235 902 3309 induendum
926 3250 1126 3335 transeam,
1167 3268 1234 3319 nco

129 3381 197 3457 pro
218 3355 298 3438 luce
319 3352 534 3450 cognitionis
555 3353 696 3425 fumum
719 3352 875 3427 vendant
895 3351 1132 3433 obsoleta-um
1152 3362 1234 3462 opi-

129 3476 300 3564 nionum,
326 3470 491 3572 quamvis
509 3494 592 3543 cum
609 3470 726 3544 calore
748 3468 907 3569 quodam
928 3472 1071 3572 pietatis
1092 3476 1233 3553 fucatae

132 3594 381 3681 coniunctum,
415 3587 475 3661 scd
492 3589 612 3689 potius
628 3612 733 3662 verae
747 3588 890 3663 virtutis
905 3592 1117 3693 pietatisque
1136 3594 1234 3693 igni÷

0 3800 1 3813 χ
129 3710 229 3785 euos
250 3734 299 3782 ex
320 3705 398 3808 ipsa
421 3708 596 3807 genuinae
617 3706 750 3783 Christi
772 3706 954 3784 doctrinae
977 3710 1057 3787 luce
1079 3713 1234 3789 exarde-

129 3826 225 3901 scere
242 3825 435 3927 patiantur.

230 3940 366 4036 Restat,
400 3956 441 4018 ut
456 3939 577 4017 debito
593 3966 676 4016 cum
691 3937 827 4018 honore
844 3968 887 4020 ac
903 3944 1097 4045 gratiffimo
1111 3949 1232 4027 animo

124 4060 293 4143 recorder
309 4062 471 4135 virorum
488 4056 818 4156 celeberrimorum,
844 4090 999 4165 quorum
1015 4064 1155 4170 scriptis
1174 4073 1233 4151 vel
1278 4148 1282 4163 ,

125 4184 237 4259 etiam
257 4180 406 4255 monitis
426 4180 466 4253 in
486 4176 558 4254 hoc
579 4180 673 4255 libro
692 4180 810 4258 denuo
828 4180 964 4256 edendo
981 4180 1132 4261 studiose
1147 4188 1231 4270 usur
