2792 4759
207 303 263 372 (80
415 299 680 394 Protogenen«.
731 298 845 389 Caput
868 301 939 370 III.
988 292 1021 394 §.
1039 309 1107 374 28.

210 471 387 572 temporie
413 497 456 544 ao
484 471 642 543 locorum
665 468 867 544 rationibus
890 473 1021 545 rectius
1047 471 1334 568 accenseantur,

213 601 324 678 queam
338 570 517 648 universae
531 569 714 668 religionis
729 570 910 645 doctrinae
925 574 1082 674 puriori,
1110 577 1212 650 ouius
1227 581 1333 650 sun-

213 679 377 754 tlamenta
398 701 446 748 ex
467 671 543 745 lesu
570 669 679 772 iplius
711 670 828 748 effatis
857 675 1081 774 generalibus
1113 677 1216 750 lanae
1254 705 1329 752 ra-

211 780 304 860 tioni
323 776 454 876 optime
474 773 752 848 accommodatis
778 790 872 852 recte
894 791 993 850 eruta
1022 777 1164 851 suerint.
1218 779 1326 874 Qui-

208 883 280 958 bus
292 878 383 950 bene
395 874 591 976 perpenlis,
616 873 834 976 dogmaticas
849 877 1062 980 expolitioni
1079 879 1236 976 nollree,
1264 885 1323 958 ad

209 995 326 1084 partes
348 977 508 1050 eiusdem
525 979 808 1072 accommodate,
843 1005 914 1054 non
936 981 1000 1054 nili
1022 978 1089 1053 hoe
1113 980 1197 1054 fidei
1219 989 1318 1059 arti-

208 1083 306 1158 culos
331 1078 569 1182 supponemus
592 1078 892 1174 fundamentales,
934 1095 968 1154 et
994 1081 1140 1182 quidem
1171 1087 1313 1184 prima-

208 1185 302 1276 rios,
343 1181 477 1255 l'eilicet
505 1185 704 1252 doctrinam
727 1189 769 1254 ele
784 1185 972 1278 scriptura
987 1186 1101 1277 sarra
1126 1191 1313 1282 religionie

212 1291 433 1384 Christianae
447 1284 572 1381 [οπεος
603 1288 736 1356 deDeo
760 1312 877 1356 rerum
899 1291 1135 1383 univerfitatie
1155 1309 1315 1364 creatore

208 1383 243 1461 et
265 1395 484 1460 moderatore
494 1388 715 1481 sauctiffimo
745 1415 848 1482 eoque
870 1390 1128 1486 benigmffime
1161 1399 1204 1463 de
1224 1400 1315 1492 Iesu

209 1495 348 1589 Christo
380 1493 563 1562 bominum
585 1493 727 1582 [στανος
766 1505 802 1562 et
827 1494 1008 1562 deterrimi
1035 1497 1312 1574 immortalitate

203 1599 351 1690 eiueque
364 1596 561 1664 conditione
571 1593 652 1688 post
666 1593 813 1661 mortem
830 1595 982 1664 moribue
999 1598 1102 1666 huiue
1115 1602 1212 1669 vitae
1225 1630 1312 1673 con-

205 1725 323 1792 gma3
354 1694 486 1794 quilius
504 1692 592 1764 alios
614 1692 788 1792 quosdam
809 1708 981 1795 tanquam
1002 1695 1229 1776 secundarios
1248 1731 1312 1780 ar-

207 1799 336 1875 ticulos
351 1797 536 1870 adnectere
553 1793 649 1869 licet.

242 1979 273 2046 e)
290 1970 433 2027 Delumte
448 1969 487 2022 elt
499 1967 572 2022 liaeo
585 1982 642 2021 roz
656 1984 672 2020 e
686 1965 763 2021 looie
776 1965 943 2038 scripturae
956 1969 999 2040 t.,
1017 1969 1049 2024 in
1064 1971 1171 2044 quibua
1185 1975 1232 2028 vel
1247 1975 1308 2032 ele·

277 2066 377 2114 menta
391 2054 540 2109 doetrinae
557 2052 751 2106 nominantur
764 2053 896 2122 θεμέλιος
912 2055 1001 2108 Hebr.
1015 2057 1042 2124 6,
1060 2073 1082 2110 e.
1101 2059 1189 2113 Rom.
1205 2075 1247 2128 15,
1261 2080 1308 2118 eo.

280 2144 378 2198 eCor.
396 2157 424 2210 3,
443 2157 485 2195 eo.
511 2136 767 2205 (Doederlein
790 2139 941 2194 lnltitutio
963 2140 1111 2212 Theologi
1133 2143 1306 2206 Christiani.

275 2227 331 2284 Ed.
345 2227 372 2280 6.
392 2228 415 2280 1.
433 2226 464 2279 δι
478 2223 547 2292 n),
565 2223 612 2276 vel
627 2222 763 2275 doctrine
781 2224 816 2277 eh
829 2223 891 2294 ipio
906 2226 970 2279 lein
985 2225 1099 2280 Clu-illo
1115 2229 1203 2284 eCor.
1217 2249 1243 2300 5,
1260 2252 1306 2292 ιι.

277 2323 309 2369 et
327 2314 364 2367 eb
386 2308 525 2382 apostolia
544 2325 612 2360 vere
631 2306 749 2364 tradita.
773 2309 848 2378 Eph.
864 2326 889 2376 e,
903 2324 945 2364 aa.
981 2309 1045 2364 ron
1063 2310 1181 2368 Nieol.
1200 2315 1307 2371 Hun-

274 2398 379 2452 ninm
397 2401 441 2464 (v.
456 2392 547 2448 eiuad.
562 2388 715 2466 Διᾶσκεψις
733 2394 769 2448 de
789 2393 1002 2450 lundemeuteli
1016 2395 1137 2452 dilloniu
1150 2399 1307 2460 doctrinae

271 2484 463 2538 Luthereuae
479 2489 509 2533 et
521 2477 721 2532 Calvinienee.
748 2479 806 2532 vit.
822 2477 935 2548 adad),
960 2482 1010 2551 qui
1027 2483 1132 2552 triplae
1150 2482 1218 2536 fidei
1235 2486 1307 2542 lun.

274 2571 445 2624 dementum
465 2564 673 2634 proposuerat,
697 2564 846 2633 personale
864 2563 886 2618 l.
905 2562 1091 2618 substantiale
1109 2566 1305 2641 (Christum),

272 2653 443 2721 organicum
455 2647 647 2716 (scripturam
659 2652 695 2715 l.)
712 2657 743 2702 et
757 2651 950 2716 dogmaticum
964 2647 1117 2716 (articuloe
1132 2650 1306 2708 laudemen-

271 2738 377 2804 talee),
394 2733 445 2786 alii
457 2732 566 2802 duplex
578 2733 970 2802 statueruntsundemeeeum
981 2733 1073 2803 fidei,
1091 2732 1218 2789 alterurn
1233 2739 1306 2806 deg-

273 2824 413 2874 matteum
433 2818 454 2871 l.
474 2815 659 2884 doctrinale,
687 2817 718 2872 le.
735 2835 762 2873 a.
784 2817 880 2888 ipsam
900 2818 1069 2872 doctrinam
1090 2819 1249 2875 revelatam
1269 2823 1304 2877 iu

270 2905 354 2960 liheie
369 2904 460 2959 laea-le
476 2902 617 2956 tuditem
633 2902 755 2974 eiueque
772 2901 981 2956 auctoritatem
1001 2900 1148 2968 divinem,
1174 2903 1303 2962 alterum

270 2990 367 3058 reule,
391 2988 421 3042 le.
437 3007 464 3044 e.
478 2985 619 3040 meritum
633 2983 744 3039 cerini
760 2986 945 3055 uuiversum,
971 2985 1050 3058 quod
1064 2985 1121 3040 fide
1135 2989 1302 3058 apprehen·

267 3075 332 3131 lum
351 3071 455 3129 salatia
475 3080 612 3124 aeternae
630 3057 765 3124 nominee
784 3071 948 3142 participer
968 3069 1074 3124 reddit.
1110 3069 1188 3124 Hine
1208 3083 1300 3144 petet,

269 3159 416 3232 quamodo
431 3153 562 3222 dicatur,
586 3153 812 3207 fundamentum
832 3153 1031 3224 dogmaticum
1053 3153 1195 3208 adsedem
1215 3176 1300 3228 quae,

267 3243 347 3298 reale
367 3242 403 3296 ad
422 3240 528 3306 fldem,
551 3256 610 3310 pue
631 3238 778 3305 ereditur,
801 3237 915 3292 reterri.
958 3236 1089 3292 Weleh
1111 3239 1300 3299 Brevierium

267 3327 359 3382 theol.
373 3323 567 3397 dogmaticae.
591 3324 673 3392 5211.
708 3325 831 3380 Noemet
848 3324 965 3395 quidem
983 3323 1208 3378 fundamentum
1227 3325 1300 3380 fidei

266 3410 541 3480 (Gleulenegrund,
561 3407 740 3462 Grundlelare
754 3411 781 3462 d.
797 3409 909 3477 Clrre'jll.
925 3409 1084 3478 Gleuiene)
1099 3424 1191 3464 unum
1205 3409 1301 3466 idem-

265 3514 323 3570 que
337 3513 372 3549 ec
388 3497 531 3550 summam
544 3490 615 3545 fidei
630 3493 669 3562 (ς.
684 3493 741 3558 ee.)
757 3493 811 3546 elle
825 3489 974 3547 lundanae.

233 3619 264 3689 d)
281 3619 411 3674 Motae
426 3611 661 3686 Epit.1·h.ctn.
682 3628 724 3666 ee.

233 3743 261 3811 e)
279 3737 415 3798 Studium
430 3729 604 3790 dieerirniue
618 3729 689 3798 illa,
714 3747 731 3785 a
746 3729 822 3786 Nic.
837 3729 986 3786 Hunnio
1005 3729 1134 3802 prienam
1147 3731 1298 3804 propolita

266 3835 350 3880 reete
366 3819 560 3879 constituendi
576 3827 605 3869 et
618 3817 773 3873 constitute
787 3815 964 3871 defendendi
982 3817 1145 3886 plurimum
1161 3819 1298 3872 exercuit

264 3910 420 3982 theologoe
435 3903 527 3960 seculi
541 3903 623 3954 XVll
639 3912 668 3955 et
681 3903 785 3957 lell.
805 3905 859 3970 (W
869 3899 955 3953 eloh
970 3900 1295 3970 Religionsflreieigkei·

265 4007 314 4047 teu
335 3997 384 4045 der
404 4008 504 4058 evang.
519 3985 634 4040 Kirelee.
660 3988 695 4040 Τ.
710 3988 758 4041 IV.
783 3985 898 4056 65311.)
939 3985 1033 4056 Vulgo
1046 3984 1296 4056 fundamentales,

268 4085 427 4148 praeeunte
441 4070 604 4140 Huuulo,
624 4069 696 4124 olim
711 4071 752 4124 ita
767 4069 962 4123 definiebant:
982 4069 1034 4139 qui
1048 4070 1125 4123 [elea
1139 4069 1196 4122 lide
1211 4079 1240 4122 et
1252 4071 1297 4122 Ie·

265 4161 330 4215 tute
343 4159 478 4229 ignorari
495 4173 555 4212 non
572 4158 706 4229 pollunt3
729 4155 885 4227 primarios
898 4153 959 4224 ita,
984 4153 1034 4226 qui
1046 4155 1127 4217 lelna
1136 4153 1197 4220 tide
1210 4161 1243 4292 εἴ
1253 4153 1297 4204 la-

1245 4249 1295 4293 ute
