2792 4759
1306 268 1334 302 ’ἢ

173 415 176 420 ,
250 328 308 396 Do
313 327 418 420 sorte
434 316 614 396 homiuum
628 330 713 421 post*
721 323 867 396 retorserit
884 287 1128 422 exspectanda·
1162 325 1232 400 58¹„
1303 295 1305 300 ,

137 501 291 575 multum
313 495 502 594 abhorret,
534 501 704 587 nonnulla
724 500 871 602 quidem
891 497 1031 594 insunt,
1062 503 1235 600 quaeru-

137 603 281 676 diorum
294 605 431 678 aninros
445 619 542 678 metu
556 603 701 677 l'alutari
715 595 947 704 perstringere
962 617 996 675 et
1009 607 1142 676 numen
1156 615 1235 676 tan·-

138 730 248 805 quam
261 705 420 780 iudicem
434 705 609 780 sorensem
623 705 736 780 oculis
748 705 845 806 quasi
861 703 1017 780 obiicere
1029 703 1232 804 ⁸),queaut3

135 805 253 880 nihilo
276 808 397 881 minus
419 823 538 880 tamen
558 807 685 881 iisdem
707 807 783 881 sero
809 823 846 880 et
876 805 1104 907 gravioribus
1124 803 1233 879 etiam

136 907 277 982 laborat
299 906 592 1004 difficultatibus,
631 924 747 1010 atque·
763 909 925 984 doctrina
952 907 1014 982 itta
1041 906 1087 982 ds
1116 903 1233 980 resur*

135 1011 306 1104 rectione.
356 1011 520 1112 Namque
536 1018 698 1106 primum
720 1011 874 1085 formula
895 1009 977 1104 issa,
1011 1010 1113 1084 euius
1131 1008 1232 1108 origo

135 1137 159 1186 a
175 1105 387 1186 Iudaeorum
408 1113 579 1209 seriorum
598 1104 807 1204 oonunerrtis
820 1139 866 1208 ⁴ao
885 1108 1234 1212 mythioispurioris

134 1213 319 1288 doetrinae
335 1215 530 1290 involueris
543 1217 704 1308 ducitur,
736 1213 823 1290 huic
845 1215 910 1315 ipsr
933 1211 981 1288 ab
996 1211 1125 1289 iisdem
1143 1209 1231 1296 scri-

135 1315 302 1417 ptoribus
320 1314 357 1390 ss.
383 1319 578 1418 propositae
602 1317 707 1419 plano
730 1331 926 1418 repugnat,
959 1315 1099 1416 quippe
1110 1339 1232 1413 quum

134 1416 338 1492 nullaadiit
352 1418 472 1511 cama,
499 1444 564 1493 cur
580 1421 629 1510 is,
655 1419 715 1492 eui
730 1419 802 1492 sors
817 1418 1024 1492 ianrsiatim
1041 1414 1122 1518 post
1132 1437 1232 1488 mor-

134 1533 209 1591 tem
227 1515 290 1592 sua
313 1522 481 1620 contigit²
512 1522 627 1594 (senno
643 1521 831 1595 iudicetur.
884 1524 1021 1594 Deinde
1043 1515 1231 1620 persuasio,
1334 1510 1355 1528 ⁸

134 1645 246 1720 quam
265 1619 334 1696 scri
361 1635 455 1696 tores
469 1614 508 1707 ss,
533 1621 701 1724 magistro
725 1603 848 1706 tii‘vinti
868 1615 1032 1720 tribuunt
1050 1611 1231 1735 quampue

133 1723 200 1823 iptt
220 1749 305 1823 praa
326 1649 363 1797 ssa
383 1723 522 1817 serunt,
554 1727 598 1800 ele
615 1725 734 1800 reditu
750 1723 891 1799 Meffiae
912 1703 1045 1798 visibili
1063 1745 1231 1822 proxime

132 1822 371 1924 exspectando
387 1823 443 1924 (§.
455 1826 583 1925 196),
605 1826 785 1902 nonnullis
798 1826 895 1900 illius
907 1825 1024 1902 effatis
1038 1822 1108 1921 (10.
1121 1835 1229 1914 8,.18,

132 1927 299 2021 buoso,
318 1943 364 2002 22
381 1926 419 2003 ss.
457 1928 508 2002 10.
530 1945 589 2021 18,
606 1944 666 2006 36.
692 1926 764 2027 al.)
810 1928 890 2001 lane
911 1940 1097 2029 repugnat·
1112 1947 1230 2024 nequo

133 2041 265 2100 eventu
278 2029 508 2130 comprobata
521 2031 583 2104 est.
616 1955 821 2106 trectense
836 2028 1230 2122 concluditur,=omneut

132 2127 237 2202 ittam
259 2130 515 2231 persuasionem
538 2133 583 2206 de
604 2131 782 2207 eiusmodi
809 2133 927 2206 reditu
948 2129 1089 2220 Messiae
1112 2125 1137 2202 s.
1161 2127 1230 2222 iiiii

130 2230 201 2304 Dei
214 2230 261 2304 ad
274 2231 450 2310 iudicium
464 2234 721 2313 instituendum
733 2258 805 2310 uon
819 2234 947 2308 nisiex
961 2231 1126 2310 orations
1133 2227 1239 2316 'certa'

130 2329 342 2433 prophetica
361 2350 398 2409 et
420 2338 578 2438 tropica,
617 2335 664 2410 ml
684 2336 857 2436 imagines
880 2334 927 2407 da
945 2332 1067 2408 bsessia
1089 2330 1230 2408 ludaeis

131 2433 364 2510 usitatiffirnas
381 2439 571 2540 compotita
580 2495 592 2531 ,
618 2461 689 2540 qua
704 2437 798 2512 Iesus
814 2461 891 2511 rem
903 2429 1142 2540 Christianam
1160 2429 1229 2505 osi-

130 2535 275 2635 quando
291 2539 475 2615 victricem
491 2555 527 2614 et
541 2537 821 2618 adversariorum
839 2562 970 2640 poenas
984 2532 1228 2622 firturas'fo‘rts

129 2635 358 2714 adumbravit
373 2639 427 2740 ⁵),
459 2668 480 2716 a
495 2641 583 2717 disci
610 2641 679 2716 uh's
693 2639 793 2715 sensu
808 2636 956 2748 quidem
975 2616 1228 2810 propriofpen

129 2759 256 2840 peram
276 2741 473 2839 intellecta,
512 2669 698 2846 pressisse,
736 2753 802 2818 neo
824 2743 890 2820 nisi
911 2742 1048 2817 ratione
1071 2748 1144 2840 qua
1169 2749 1228 2812 arn

128 2841 327 2935 symbolica
347 2845 423 2918 iam
443 2871 465 2920 a
486 2847 592 2921 nobis
612 2846 660 2920 'ars
675 2846 777 2946 vulgi
793 2843 896 2920 usum
914 2839 1010 2946 posse
1031 2838 1228 2932 transferri,
1252 2847 1253 2850 ’

129 2943 181 3016 ita
197 2945 362 3044 quidem,
394 2963 435 3020 ut
449 2950 565 3022 omnis
577 2946 667 3023 haec
682 2947 850 3022 narrandi
864 2947 979 3022 fornia
994 2942 1040 3018 ad
1053 2939 1226 3018 eam-sen-

130 3046 279 3122 tentiam
292 3039 998 3144 universalemeisubstratam'revooetur,
1017 3071 1090 3147 qua
1124 3049 1226 3140 uam·

128 3145 219 3220 libet
236 3145 421 3226 hominem
433 3151 595 3228 doctriua
611 3150 743 3228 Christi
760 3149 941 3226 imbutum
957 3149 1003 3222 ad
1017 3069 1226 3222 verabmm

127 3267 317 3423 praecepta
347 3254 611 3330 accommodate
636 3253 813 3330 iudicium
839 3253 933 3330 olim¹
952 3251 1155 3338 subiturum
1181 3270 1226 3324 ao
1293 3259 1295 3265 '

144 3366 258 3428 ortem
284 3355 379 3430 vitae
407 3354 548 3430 suturae
575 3372 765 3431 nacturum
792 3352 858 3430 esse
886 3353 1083 3430 statuimus.
1147 3355 1224 3426 Po-

122 3459 254 3550 stremo
276 3457 400 3557 negari
415 3460 566 3560 nequit,
609 3457 738 3532 iudicii
759 3456 921 3533 Massieni
951 3455 1097 3559 proprie
1118 3451 1224 3528 intel-

127 3557 209 3630 tecti
225 3559 543 3659 exspectationem,
576 3561 746 3662 oprimis
768 3559 855 3633 iude
873 3559 1035 3634 ecelesiae
1051 3553 1224 3631 Christia-

127 3682 194 3729 nae
209 3658 447 3760 temporibus,
473 3665 583 3737 variis
599 3661 905 3766 superstitionibus
920 3659 1085 3734 fanaticis
1100 3656 1222 3731 ansam

126 3761 340 3859 praebuisse,
366 3764 460 3838 unde
476 3764 672 3866 plurimum
684 3763 889 3838 detrimenti
903 3765 997 3864 cepit
1011 3783 1094 3834 vera
1108 3760 1224 3834 virtus

125 3875 234 3961 atque
246 3865 383 3967 religio.
435 3865 576 3960 Quibus
592 3869 809 3969 argumentis
830 3865 920 3941 bene
941 3861 1118 3965 perpensis
1136 3859 1222 3936 sub-

125 3964 240 4037 sistere
262 3968 346 4042 licet
366 3970 405 4042 in
427 3970 639 4072 simpliciore
659 3967 854 4072 scriptione
874 3967 899 4040 s.
923 3962 1221 4079 sententiasuprea

124 4067 284 4182 exposita
299 4065 352 4166 (ᾗ.
372 4069 495 4169 196),
528 4095 619 4174 quae
635 4073 768 4251 optime
785 4071 952 4146 convenit
965 4095 1052 4143 ,cum
1072 4067 1222 4141 rationis

123 4167 204 4245 idea
218 4173 377 4249 numinis
392 4172 613 4272 samtiffimi,
662 4175 764 4252 tatinr
785 4197 806 4247 a
828 4180 942 4248 morte¹
963 4171 1070 4247 aliam
1092 4159 1237 4246 sortem·
