2792 4759
192 337 266 406 toa
427 334 526 404 ran
545 333 620 402 ιιι.
667 333 755 426 cap.
777 333 846 406 W.
895 325 929 428 §.
960 343 1042 409 tro.

188 494 447 608 poria‘cognita
463 503 518 605 ⁴),
551 503 717 580 subtilius
737 507 916 607 explicata
937 521 1044 608 atque
1061 507 1296 608 comprobata

189 609 280 702 s'uit,
306 633 379 708 qua
393 607 530 681 literam
543 633 689 682 coenam
703 605 768 681 elle
785 609 983 683 docuerunt
994 611 1209 702 fruitionem
1225 635 1293 709 pa-

188 710 249 802 nis
271 725 306 782 et
329 710 407 782 viui
427 709 606 784 solennem
626 709 765 810 abipso
780 709 858 787 lesu
873 708 1011 786 Christo
1028 737 1110 786 eum
1127 713 1168 784 in
1185 712 1297 784 finem

190 811 465 913 praescriptam,
498 811 627 911 utqui
650 810 852 886 bacnoenu
875 827 1037 905 utantur,
1071 817 1165 908 sub,
1199 813 1244 884 ἐπ’
1258 827 1296 886 et

188 941 272 984 rom
292 937 384 1013 pane
407 928 516 1014 atque
538 914 623 986 vino
646 913 855 1008 benedicto,
887 937 954 1014 per
976 915 1145 988 unionem
1159 918 1296 1010 saera-

191 1021 378 1088 meneutam
396 1013 496 1088 haud
512 1015 778 1116 intelligendam
793 1042 877 1088 vero
892 1015 1048 1090 fruentes
1064 1015 1195 1091 Christi
1211 1043 1296 1092 cor-

189 1145 278 1222 pore
303 1132 338 1191 et
365 1115 557 1218 sanguiue,
598 1119 725 1192 mortis
756 1117 864 1217 ipsius
896 1119 1071 1192 memoria
1102 1119 1295 1212 celebrata,

190 1234 422 1324 peccatorum
442 1218 585 1292 veniam
606 1219 865 1319 consequuntur
885 1235 921 1294 et
942 1220 981 1292 in
1002 1219 1072 1292 sule
1091 1221 1298 1321 pietateque

189 1323 457 1418 consumentur.
514 1319 690 1394 Additum
713 1321 783 1414 est,
820 1322 858 1392 in
882 1318 953 1395 hae
977 1347 1086 1394 coena
1111 1321 1136 1396 s.
1166 1349 1301 1423 oorprm

189 1441 230 1499 et
248 1424 456 1524 sanguinem
475 1417 606 1496 Christi
627 1451 707 1494 vere
729 1438 765 1496 et
782 1425 1071 1520 substantialiter
1090 1421 1162 1498 ‘elle
1188 1450 1298 1524 prae-

189 1527 323 1618 sentia,
349 1524 460 1626 idque
479 1523 518 1596 vi
536 1523 730 1598 verborum
750 1524 996 1617 institutionis,
1024 1525 1129 1618 adeo,
1157 1540 1198 1596 ut
1212 1551 1299 1599 eor·

190 1640 260 1806 pus
274 1643 311 1701 et
323 1625 464 1727 sanguis
473 1622 606 1700 Christi
618 1650 691 1699 non
705 1641 843 1700 tontum
856 1625 1084 1728 spiritualiter
1093 1653 1160 1726 per
1169 1625 1299 1720 fidem,

205 1730 254 1804 'etl
276 1755 337 1803 ore
359 1730 487 1820 etiam,
519 1753 635 1828 neque
656 1743 775 1802 tamen
798 1733 1029 1822 capernaitice
1051 1725 1120 1826 (lo.
1140 1743 1175 1820 6,
1196 1727 1298 1826 26),

188 1831 251 1908 sed
272 1828 530 1930 supernaturali
551 1844 587 1902 ct
608 1829 749 1903 coelesti
771 1831 878 1903 modo
901 1829 1060 1904 sumatur
1076 1827 1113 1927 ¹)
1120 1885 1131 1923 ,
1166 1854 1188 1900 a
1209 1832 1300 1928 qui-

187 1931 403 2029 buscunque
424 1927 494 2003 bac
510 1954 646 2023 coena,
678 1931 738 2004 rel
760 1933 867 2005 etium
889 1932 1058 2032 indigue,
1095 1931 1297 2024 utentibus,

186 2033 254 2127 id,
294 2031 393 2134 (pund
414 2030 614 2104 Calviniani
638 2031 856 2133 improbant.
914 2034 1169 2106 Distinxeruut
1189 2029 1297 2105 theo-

188 2135 265 2234 logi
288 2149 324 2208 et
344 2135 385 2206 in
407 2129 480 2206 hoc
500 2133 718 2208 sacramento
743 2133 891 2208 ulterius
916 2133 1131 2236 explicando
1153 2161 1209 2207 res
1232 2140 1297 2204 in-

190 2239 340 2334 'oistbiler
355 2231 576 2332 (coelestes),
608 2261 701 2335 quae
723 2235 803 2308 sunt
822 2261 951 2336 corpus
973 2251 1008 2310 et
1028 2235 1169 2336 languis
1185 2231 1297 2309 Chri-

188 2339 264 2434 Iti,
294 2353 331 2412 et
350 2363 409 2410 res
431 2339 579 2440 vistbileu
603 2333 824 2435 (terrestres)
840 2336 872 2436 ‘)
902 2333 1112 2434 (elementa,
1145 2337 1297 2439 species,

190 2454 352 2536 παχεῖα,
391 2437 554 2532 ὥμβολο,
589 2434 745 2541 τόπους),
785 2463 937 2540 panem,
977 2456 1012 2515 et
1032 2441 1179 2540 quidem
1205 2464 1295 2534 azy-

190 2571 294 2640 mum
317 2545 505 2630 (oblatae),
544 2556 580 2616 et
600 2539 727 2613 vinum
740 2539 788 2638 ¹)
846 2543 1011 2615 Formam
1039 2539 1150 2614 huius·
1174 2541 1294 2615 saera-

190 2645 306 2720 meuti
321 2650 495 2717 internum
534 2641 702 2717 osuernnt
721 2643 761 2716 in
780 2643 834 2716 rei
854 2641 1002 2716 visibilis
1021 2667 1104 2716 eum
1121 2642 1294 2716 invisibili

190 2747 461 2839 communione,
499 2667 651 2817 sumum
674 2755 854 2817 externum
879 2743 919 2816 in
947 2743 1147 2819 actionibus
1173 2745 1294 2844 lingu-

190 2848 255 2939 lis,
282 2847 416 2946 quibus
431 2846 629 2947 peragitur,
655 2845 682 2930 s.
693 2847 811 2920 tribus
824 2845 923 2920 hisce
938 2845 1077 2921 actibus
1091 2845 1292 2921 sacramen-

191 2947 325 3024 talibus
337 3004 350 3042 ,
385 2951 661 3043 consecratione,
698 2946 832 3024 scilicet
864 2953 1098 3034 declarativa,
1137 2975 1211 3022 non
1234 2950 1293 3041 es-

186 3047 326 3147 'sectiva
337 3102 355 3135 ,
391 3051 493 3124 cuins
525 3051 598 3124 dno
633 3065 812 3126 momenta
845 3049 1094 3124 discernuntur
1107 3041 1124 3142 ,¹
1166 3075 1292 3153 preces

190 3170 229 3227 ct
252 3153 365 3226 verba
388 3151 640 3245 institutionis,
675 3156 924 3225 distributione
943 3146 1098 3250 (biert),
1118 3167 1168 3226 ct
1194 3180 1296 3223 crece-

187 3251 502 3354 ptione(b'1bu),
536 3277 627 3354 quae
650 3253 845 3328 absolvitur
866 3280 949 3327 vera
972 3254 1075 3355 panis
1096 3253 1295 3328 manduca-

188 3359 288 3435 tione
303 3373 338 3430 et
350 3357 517 3456 sequente
532 3355 608 3428 vini
622 3353 800 3431 bibitione
817 3355 862 3455 θ).
898 3357 978 3451 Quo
991 3357 1085 3434 sacto
1097 3355 1293 3458 repudiau-

190 3474 273 3551 tur‚
296 3482 386 3558 quas
399 3458 541 3533 ecclelia
554 3459 715 3532 Romana
734 3457 921 3560 probavit,
947 3465 1093 3532 elevatio
1109 3473 1145 3534 et
1158 3463 1292 3528 odoro-

192 3568 244 3636 tio
259 3558 521 3656 symbolorum,
540 3562 728 3656 effereatio
741 3561 844 3662 panis
854 3558 1081 3636 eucharistici
1092 3576 1127 3636 et
1139 3565 1295 3630 circum-

189 3669 344 3763 gestatr'o
363 3660 532 3735 eiusdem.
591 3662 809 3764 Quanquam
829 3678 924 3736 recte
945 3663 1092 3755 docent,
1126 3659 1297 3736 euchari-

190 3771 296 3845 t'tium
310 3764 449 3865 saepius
468 3778 503 3837 et
525 3787 547 3834 a
568 3763 735 3864 pluribus
755 3765 857 3839 liutul
875 3765 914 3838 in
933 3762 1081 3836 aedibus
1097 3764 1207 3838 saeris
1225 3763 1298 3836 elle

191 3867 461 3960 celebrandam,
489 3872 632 3966 tempus
648 3881 769 3941 tamen
787 3865 884 3940 haud
899 3865 1085 3939 desinimm
1102 3864 1143 3964 s)
1167 3879 1203 3939 et
1223 3867 1298 3940 lin-

190 3972 287 4073 guliu
309 3971 462 4070 aegrotis
483 3969 592 4042 etiam
615 3968 696 4042 usus
718 3967 827 4042 huius
848 3967 1059 4044 sacrementi
1081 3965 1299 4042 domesticus

189 4072 370 4150 concessus
385 4069 474 4162 suit,
506 4095 631 4144 verum
651 4099 724 4144 non
746 4069 810 4144 nili
832 4095 854 4141 n
878 4069 1034 4172 publicis
1044 4065 1212 4146 'eeclesiae
1228 4070 1299 4142 do-

191 4175 353 4248 ctoribus
369 4171 667 4251 administrandus
680 4173 729 4271 8).
782 4171 947 4250 Ceterum
967 4171 1205 4248 admittendos
1226 4166 1299 4245 esse
