2792 4759
95 355 160 423 De
173 347 548 443 adminicud'ofolutir
556 371 624 444 per
641 349 817 446 Christum
833 349 1101 444 consequendae·
1129 358 1202 428 469

92 537 344 615 occurrerent,
378 523 455 596 vim
476 523 580 596 verbi
602 523 677 598 div.
702 526 917 620 iffentiolem
937 524 1105 626 quidem,
1147 539 1202 599 ta-

92 652 178 698 men
195 631 401 697 ordinatam
422 625 449 698 f.
466 627 585 698 ordini
602 641 699 700 certo
714 628 918 702 adstrictam
935 643 969 701 et
988 631 1201 726 reststibilem

92 727 162 802 elle
181 726 389 802 statuerunt.
442 729 577 802 Verum
591 730 773 802 enimvero
790 755 902 829 (prum
922 755 988 804 nec
1005 731 1096 805 l'acri
1113 731 1200 804 scri-

91 845 232 930 ptores,
265 827 466 906 efficaciam
488 829 592 904 verti
612 830 731 904 (livini
753 831 999 932 praedicantes
1023 831 1146 932 (Rom.
1165 847 1197 924 1,

97 946 157 1006 16.
187 947 221 1024 o,
241 949 275 1007 u.
299 948 334 1007 e.
360 930 455 1005 Phil.
472 939 509 1024 t,
524 947 581 1008 18.
609 932 689 1006 cult.
706 933 755 1006 10.
776 949 809 1027 a,
827 929 928 1032 on),
956 961 1046 1034 quos
1062 935 1127 1036 ipfi
1143 933 1199 1006 ta-

91 1059 240 1106 urorum
262 1034 521 1126 emendatorem
560 1036 692 1107 reiecta
712 1034 758 1108 de
782 1035 893 1108 verbo
915 1036 1039 1109 divino
1062 1042 1198 1108 intorno

92 1136 196 1206 varie
224 1135 397 1236 appellato
425 1149 461 1208 et
487 1135 668 1234 explicato
691 1135 863 1210 sententia
880 1135 930 1238 ε),
971 1137 1081 1212 secuti
1103 1136 1196 1231 lunt,

92 1235 290 1308 discrimen
310 1237 398 1310 illud
419 1237 685 1329 constituerint,
725 1265 791 1312 uec
813 1237 896 1312 sana
918 1237 1056 1312 ratione
1083 1267 1197 1340 expe-

93 1338 299 1437 rientiaque
319 1337 409 1412 duce
429 1354 553 1430 notae,
587 1338 721 1438 quibus
744 1341 799 1412 vis
819 1339 881 1414 illa
903 1341 1076 1414 naturalis
1096 1365 1117 1412 a
1138 1340 1198 1414 su·
1278 1401 1281 1410 .

94 1440 317 1538 perflatur-ali
338 1441 489 1512 discerni
509 1441 633 1538 pellit,
668 1439 1000 1541 deprehenduntur,
1035 1443 1108 1515 l'oln
1131 1467 1196 1516 na-

93 1541 221 1613 turalis
242 1539 353 1614 verbo
371 1541 443 1616 div.
466 1541 626 1615 efficacia
646 1557 742 1617 recte
761 1543 975 1618 vindicatur.
993 1555 996 1564 '
1034 1543 1135 1640 Quae
1156 1559 1197 1617 ut

87 1661 176 1714 vere
191 1643 421 1743 percipiatur,
438 1641 543 1716 libris
555 1641 593 1716 ll.
609 1643 798 1744 diligenter
812 1645 970 1746 quidem,
986 1661 1023 1720 at
1038 1669 1110 1720 non
1125 1627 1197 1718 line

89 1745 258 1817 cautione
278 1746 436 1842 quadam
458 1745 631 1819 utendum
654 1747 725 1840 el't,
759 1773 803 1819 ne
823 1750 942 1822 omnia
962 1773 1197 1850 quaecunque

90 1846 250 1919 inlibris
266 1843 302 1919 ll.
318 1847 496 1948 leguntur,
520 1847 710 1948 proturbo
726 1875 808 1922 vere
823 1849 947 1923 divino
960 1851 1194 1952 accipiantur.

88 1947 133 2019 lu
151 1975 193 2023 eo
214 1949 334 2049 potius
350 1951 465 2022 omnis
481 1949 668 2049 diligentia
684 1949 886 2026 collocanda
903 1953 971 2046 eit,
999 1969 1040 2027 ut
1058 1979 1194 2045 eorum,

89 2076 186 2148 «puae
208 2053 253 2124 ad
274 2049 395 2124 veram
415 2053 584 2124 virtutem
600 2053 839 2152 pietatemque
855 2053 1078 2148 conducunt,
1104 2053 1195 2133 iusta

85 2151 236 2227 l'eientia
258 2179 358 2226 meus
377 2152 563 2226 imbuatur
585 2167 619 2225 et
642 2155 782 2226 animus
804 2180 923 2228 amore
938 2159 1005 2228 Dei
1023 2155 1195 2256 sensuque

86 2257 183 2328 recti
207 2271 302 2329 totus
322 2256 501 2356 repleatur
519 2271 733 2357 rogaturque
752 2251 804 2352 (§.
824 2255 917 2354 ld).
969 2259 1132 2332 (luterum
1151 2258 1194 2328 de

87 2355 256 2430 universa
269 2355 378 2430 liuius
394 2358 569 2458 dogmatis
583 2357 697 2430 foruna
711 2353 956 2448 ecclesiastica,
982 2385 1003 2429 a
1021 2358 1195 2456 theologis

90 2460 348 2532 recentioribus
369 2458 495 2560 pallini
517 2457 668 2532 liberius
686 2457 897 2560 reprehensa
915 2457 950 2558 ⁴)
961 2517 970 2550 ‚
998 2457 1067 2532 linc
1084 2460 1194 2558 potii-

89 2561 218 2632 fimum
234 2561 423 2634 tenendum
438 2561 487 2634 el't
495 2619 505 2652 ‚
532 2588 609 2634 eam
628 2589 700 2635 nou
715 2562 780 2635 uisi
794 2560 1112 2662 disceptationibus
1129 2586 1193 2630 va-

85 2663 144 2760 gis
158 2677 263 2762 atque
279 2665 410 2764 ineptis
425 2665 600 2762 originem
615 2663 715 2737 luam
731 2663 861 2737 dehere
869 2719 880 2757 ,
907 2689 973 2737 uec
988 2661 1071 2736 ullis
1085 2660 1192 2734 dictis

86 2763 234 2862 liuticis
251 2765 380 2838 diserte
396 2766 612 2840 confirmari.

119 2955 152 3020 a)
168 2935 417 3026 anuinium
431 2955 600 3034 oxoniensi.
618 2957 677 3014 111.
698 2957 757 3012 16⁶.
794 2955 919 3011 siaiu
939 2954 995 3010 rh.
1010 2953 1110 3026 dogm.
1126 2953 1188 3025 pot.

155 3055 217 3110 ⁹92·
240 3060 284 3112 94-

121 3171 153 3237 b)
172 3172 384 3237 Elevutiunemq
394 3191 457 3244 ‚qun
469 3173 544 3228 viret
557 3172 708 3228 naturate·
723 3172 825 3244 angeri
840 3171 1032 3238 dicebantur,
1050 3170 1189 3222 delendo·

154 3257 425 3326 nunculium,
449 3263 621 3312 Musaeus
636 3261 814 3325 (Introduct.
835 3259 865 3310 iu
884 3259 976 3312 theol.
995 3259 1024 3310 P.
1041 3261 1078 3312 11.
1101 3259 1186 3326 56n),

154 3334 264 3392 tucrum
278 3343 431 3395 substantia
445 3343 567 3414 spirituo
580 3347 601 3400 l.
617 3343 648 3396 in
664 3343 784 3396 homine
802 3345 955 3409 ellectum,
980 3345 1057 3395 uude
1075 3343 1116 3395 vis
1135 3341 1188 3396 illu

153 3429 288 3498 phyficue
308 3434 433 3497 analoga
456 3430 536 3484 dicta
556 3431 610 3495 est,
633 3427 890 3498 Bertlingius,
915 3429 1009 3482 theol.
1028 3429 1185 3482 Holmttnt.

150 3515 264 3579 (Βοιαὶ.
280 3514 472 3583 Vorflellung‚
492 3531 552 3566 was
566 3515 611 3564 die
625 3511 712 3564 uuit.
727 3511 832 3563 Kirche
846 3521 900 3563 von
914 3513 962 3562 der
974 3511 1063 3576 Krast
1078 3513 1103 3563 d.
1118 3511 1185 3562 lucil.

88 3626 94 3632 ·
156 3597 267 3662 &lanfr
283 3597 359 3652 letne
373 3618 402 3650 u.
418 3600 499 3650 nicht
514 3597 601 3651 lehre.
625 3597 717 3648 nani.
734 3597 808 3665 ¹755·
827 3598 883 3662 4.),
905 3596 1104 3648 controversia
1118 3609 1186 3646 curu
1204 3599 1208 3622 ²

152 3684 383 3750 Sohuberto,
405 3683 499 3736 theol.
515 3683 653 3750 uetant,
676 3681 790 3750 agitatu
804 3682 946 3746 timetur,
968 3663 1103 3732 inionem
1124 3696 1183 3746 my·

148 3769 263 3837 sticum.
288 3799 323 3812 -
357 3769 629 3838 catonsjiuu.
651 3769 710 3820 ili.
747 3765 1021 3838 Quenlledt'l'lr.
1040 3763 1099 3816 did.
1122 3765 1183 3834 pol.

150 3855 192 3908 11.
211 3855 322 3924 926112,
345 3851 383 3904 cf.
401 3856 505 3906 Storr
524 3855 559 3904 de
578 3851 738 3905 efficientia
753 3853 821 3921 lpir.
835 3853 853 3904 l.
868 3851 895 3904 iu
911 3849 1057 3902 trientibus
1073 3847 1184 3912 nolti-is,

150 3941 181 3991 in
195 3939 321 4007 Opulcc.
336 3939 439 3992 theoll.
464 3941 541 3992 rub.
557 3947 631 4010 1788.
668 3940 714 3992 De
730 3939 926 3992 controverlia
943 3930 1095 3991 recutiti
1116 3951 1184 3989 enm

150 4025 270 4078 Herm.
292 4023 519 4090 Rntbmunn,
538 4025 718 4089 Gednnenfi,
741 4023 791 4094 qni
813 4023 872 4074 vim
891 4023 940 4092 sp.
961 4023 978 4074 f.
1001 4021 1182 4076 extrinsecus

148 4113 343 4164 accedentum
356 4127 424 4163 uum
438 4109 523 4162 libain
537 4111 567 4162 ll.
583 4109 723 4178 coniungi
737 4111 894 4170 docuerat,
917 4125 944 4157 v.
961 4105 1085 4159 thulr
1101 4107 1181 4158 utit-

151 4204 184 4291 iu
197 4199 304 4262 ddici.
316 4201 375 4253 Str.
388 4199 417 4254 d.
432 4197 520 4254 uuit.
531 4195 648 4250 Kircln.
666 4197 690 4250 1.
709 4211 771 4264 524.
793 4195 840 4248 lv.
858 4207 909 4262 577
923 4191 953 4246 il.
