<?xml version="1.0" encoding="UTF-8"?>
<!DOCTYPE html PUBLIC "-//W3C//DTD XHTML 1.0 Transitional//EN"
    "http://www.w3.org/TR/xhtml1/DTD/xhtml1-transitional.dtd">
<html xmlns="http://www.w3.org/1999/xhtml" xml:lang="en" lang="en">
 <head>
  <title>
</title>
<meta http-equiv="Content-Type" content="text/html;charset=utf-8" />
  <meta name='ocr-system' content='tesseract 3.04.00' />
  <meta name='ocr-capabilities' content='ocr_page ocr_carea ocr_par ocr_line ocrx_word'/>
</head>
<body>
  <div class='ocr_page' id='page_1' title='image "./institutionesth02wegsgoog/institutionesth02wegsgoog_0196.png"; bbox 0 0 2792 4759; ppageno 0'>
   <div class='ocr_carea' id='block_1_1' title="bbox 204 292 1095 441">
    <p class='ocr_par' dir='ltr' id='par_1_1' title="bbox 204 292 1095 441">
     <span class='ocr_line' id='line_1_1' title="bbox 204 292 1095 441; baseline -0.001 -17"><span class='ocrx_word' id='word_1_1' title='bbox 204 356 275 425; x_wconf 75' lang='lat' dir='ltr'>iro</span> <span class='ocrx_word' id='word_1_2' title='bbox 391 380 409 409; x_wconf 51' lang='lat' dir='ltr'>a</span> <span class='ocrx_word' id='word_1_3' title='bbox 477 346 572 419; x_wconf 76' lang='lat' dir='ltr'>ran</span> <span class='ocrx_word' id='word_1_4' title='bbox 594 346 627 415; x_wconf 88' lang='lat'>1.</span> <span class='ocrx_word' id='word_1_5' title='bbox 679 346 766 439; x_wconf 73' lang='lat' dir='ltr'>cap.</span> <span class='ocrx_word' id='word_1_6' title='bbox 791 348 842 417; x_wconf 81' lang='lat' dir='ltr'>tr.</span> <span class='ocrx_word' id='word_1_7' title='bbox 891 339 929 441; x_wconf 83' lang='lat'>§.-</span> <span class='ocrx_word' id='word_1_8' title='bbox 954 356 1012 423; x_wconf 81' lang='lat' dir='ltr'>ao.</span> <span class='ocrx_word' id='word_1_9' title='bbox 1091 292 1095 301; x_wconf 88' lang='lat'>.</span> 
     </span>
    </p>
   </div>
   <div class='ocr_carea' id='block_1_2' title="bbox 99 516 1308 827">
    <p class='ocr_par' dir='ltr' id='par_1_2' title="bbox 99 516 1308 827">
     <span class='ocr_line' id='line_1_2' title="bbox 99 516 1307 625; baseline 0 -29"><span class='ocrx_word' id='word_1_10' title='bbox 99 600 106 613; x_wconf 62' lang='grc'><strong>,</strong></span> <span class='ocrx_word' id='word_1_11' title='bbox 143 538 147 557; x_wconf 83' lang='grc'>’</span> <span class='ocrx_word' id='word_1_12' title='bbox 200 546 314 625; x_wconf 75' lang='lat' dir='ltr'>(prum</span> <span class='ocrx_word' id='word_1_13' title='bbox 331 545 403 595; x_wconf 87' lang='lat' dir='ltr'>non</span> <span class='ocrx_word' id='word_1_14' title='bbox 419 520 483 593; x_wconf 83' lang='lat' dir='ltr'>nit</span> <span class='ocrx_word' id='word_1_15' title='bbox 503 516 928 620; x_wconf 80' lang='lat' dir='ltr'>supernatur-aliquadam</span> <span class='ocrx_word' id='word_1_16' title='bbox 944 516 1102 594; x_wconf 84' lang='lat' dir='ltr'>efficacia</span> <span class='ocrx_word' id='word_1_17' title='bbox 1124 522 1186 597; x_wconf 76' lang='lat' dir='ltr'>eat</span> <span class='ocrx_word' id='word_1_18' title='bbox 1207 521 1307 625; x_wconf 73' lang='lat' dir='ltr'>polio</span> 
     </span>
     <span class='ocr_line' id='line_1_3' title="bbox 200 620 1308 721; baseline 0.002 -24"><span class='ocrx_word' id='word_1_19' title='bbox 200 622 506 714; x_wconf 74' lang='lat' dir='ltr'>exittinnrentur,</span> <span class='ocrx_word' id='word_1_20' title='bbox 529 620 576 691; x_wconf 90' lang='lat' dir='ltr'>ab</span> <span class='ocrx_word' id='word_1_21' title='bbox 592 620 767 692; x_wconf 71' lang='lat' dir='ltr'>eiusmodi</span> <span class='ocrx_word' id='word_1_22' title='bbox 783 620 905 691; x_wconf 78' lang='lat' dir='ltr'>‹tiviuo</span> <span class='ocrx_word' id='word_1_23' title='bbox 921 622 1042 721; x_wconf 85' lang='lat' dir='ltr'>aliquo</span> <span class='ocrx_word' id='word_1_24' title='bbox 1057 623 1229 699; x_wconf 79' lang='lat' dir='ltr'>instinctu</span> <span class='ocrx_word' id='word_1_25' title='bbox 1247 654 1308 699; x_wconf 89' lang='lat' dir='ltr'>re·</span> 
     </span>
     <span class='ocr_line' id='line_1_4' title="bbox 200 718 1303 827; baseline -0.002 -24"><span class='ocrx_word' id='word_1_26' title='bbox 200 722 388 827; x_wconf 83' lang='lat' dir='ltr'>repetenda</span> <span class='ocrx_word' id='word_1_27' title='bbox 411 720 476 797; x_wconf 78' lang='lat' dir='ltr'>ess&#39;e</span> <span class='ocrx_word' id='word_1_28' title='bbox 500 720 714 795; x_wconf 76' lang='lat' dir='ltr'>ridebuntur</span> <span class='ocrx_word' id='word_1_29' title='bbox 736 718 819 819; x_wconf 80' lang='lat' dir='ltr'>(tet.</span> <span class='ocrx_word' id='word_1_30' title='bbox 838 730 897 813; x_wconf 81' lang='lat' dir='ltr'>tt,</span> <span class='ocrx_word' id='word_1_31' title='bbox 917 738 975 799; x_wconf 80' lang='lat'>23.</span> <span class='ocrx_word' id='word_1_32' title='bbox 1008 722 1138 799; x_wconf 87' lang='lat' dir='ltr'>Mattb.</span> <span class='ocrx_word' id='word_1_33' title='bbox 1158 736 1218 821; x_wconf 80' lang='lat'>24,</span> <span class='ocrx_word' id='word_1_34' title='bbox 1241 742 1303 804; x_wconf 76' lang='grc'>86.</span> 
     </span>
    </p>
   </div>
   <div class='ocr_carea' id='block_1_3' title="bbox 114 822 1305 4367">
    <p class='ocr_par' dir='ltr' id='par_1_3' title="bbox 114 822 1305 3664">
     <span class='ocr_line' id='line_1_5' title="bbox 199 822 1305 927; baseline -0.002 -22"><span class='ocrx_word' id='word_1_35' title='bbox 199 828 281 905; x_wconf 76' lang='lat' dir='ltr'>Act.</span> <span class='ocrx_word' id='word_1_36' title='bbox 301 842 333 919; x_wconf 87' lang='lat'>1,</span> <span class='ocrx_word' id='word_1_37' title='bbox 352 823 420 925; x_wconf 81' lang='grc'><strong>7..)</strong></span> <span class='ocrx_word' id='word_1_38' title='bbox 475 822 738 899; x_wconf 71' lang='lat' dir='ltr'><strong>Praedictiones</strong></span> <span class='ocrx_word' id='word_1_39' title='bbox 760 822 805 895; x_wconf 86' lang='lat' dir='ltr'>de</span> <span class='ocrx_word' id='word_1_40' title='bbox 827 822 936 896; x_wconf 80' lang='lat' dir='ltr'>rebus</span> <span class='ocrx_word' id='word_1_41' title='bbox 960 824 1109 919; x_wconf 81' lang='lat' dir='ltr'>futuris,</span> <span class='ocrx_word' id='word_1_42' title='bbox 1143 854 1240 927; x_wconf 85' lang='lat' dir='ltr'>quae</span> <span class='ocrx_word' id='word_1_43' title='bbox 1263 830 1305 903; x_wconf 87' lang='lat' dir='ltr'>iu</span> 
     </span>
     <span class='ocr_line' id='line_1_6' title="bbox 199 922 1303 1027; baseline 0 -25"><span class='ocrx_word' id='word_1_44' title='bbox 199 928 304 1003; x_wconf 75' lang='lat' dir='ltr'>libris</span> <span class='ocrx_word' id='word_1_45' title='bbox 322 930 366 1001; x_wconf 74' lang='lat' dir='ltr'>V.</span> <span class='ocrx_word' id='word_1_46' title='bbox 385 928 430 1001; x_wconf 80' lang='grc' dir='ltr'>Τ.</span> <span class='ocrx_word' id='word_1_47' title='bbox 456 922 640 1027; x_wconf 84' lang='lat' dir='ltr'>prophetis</span> <span class='ocrx_word' id='word_1_48' title='bbox 665 924 892 1016; x_wconf 86' lang='lat' dir='ltr'>tribuuntur,</span> <span class='ocrx_word' id='word_1_49' title='bbox 926 926 1110 1025; x_wconf 75' lang='lat' dir='ltr'>bti&#39;peniae</span> <span class='ocrx_word' id='word_1_50' title='bbox 1128 943 1235 1003; x_wconf 85' lang='lat' dir='ltr'>eraut</span> <span class='ocrx_word' id='word_1_51' title='bbox 1252 956 1303 1002; x_wconf 85' lang='lat' dir='ltr'>ex</span> 
     </span>
     <span class='ocr_line' id='line_1_7' title="bbox 226 1025 1300 1131; baseline 0 -28"><span class='ocrx_word' id='word_1_52' title='bbox 226 1028 418 1103; x_wconf 78' lang='lat' dir='ltr'>ert&#39;mttone</span> <span class='ocrx_word' id='word_1_53' title='bbox 443 1028 487 1101; x_wconf 79' lang='lat' dir='ltr'>tie</span> <span class='ocrx_word' id='word_1_54' title='bbox 514 1025 682 1131; x_wconf 82' lang='lat' dir='ltr'>praemiis</span> <span class='ocrx_word' id='word_1_55' title='bbox 711 1040 746 1098; x_wconf 89' lang='lat' dir='ltr'>et</span> <span class='ocrx_word' id='word_1_56' title='bbox 774 1028 897 1125; x_wconf 74' lang='lat' dir='ltr'>poetria</span> <span class='ocrx_word' id='word_1_57' title='bbox 920 1027 1054 1099; x_wconf 80' lang='lat' dir='ltr'>divinis</span> <span class='ocrx_word' id='word_1_58' title='bbox 1079 1028 1216 1126; x_wconf 70' lang='lat' dir='ltr'>(Levia.</span> <span class='ocrx_word' id='word_1_59' title='bbox 1239 1046 1300 1107; x_wconf 74' lang='lat'>26.</span> 
     </span>
     <span class='ocr_line' id='line_1_8' title="bbox 199 1056 1301 1229; baseline 0.001 -26"><span class='ocrx_word' id='word_1_60' title='bbox 199 1056 304 1213; x_wconf 70' lang='lat' dir='ltr'>item.</span> <span class='ocrx_word' id='word_1_61' title='bbox 323 1128 403 1229; x_wconf 82' lang='lat'>28.)</span> <span class='ocrx_word' id='word_1_62' title='bbox 424 1146 460 1203; x_wconf 88' lang='lat' dir='ltr'>et</span> <span class='ocrx_word' id='word_1_63' title='bbox 483 1156 530 1201; x_wconf 84' lang='lat' dir='ltr'>cx</span> <span class='ocrx_word' id='word_1_64' title='bbox 551 1126 681 1199; x_wconf 85' lang='lat' dir='ltr'>fiducia</span> <span class='ocrx_word' id='word_1_65' title='bbox 706 1126 911 1219; x_wconf 68' lang='lat' dir='ltr'>cenitana,</span> <span class='ocrx_word' id='word_1_66' title='bbox 938 1154 1009 1229; x_wconf 83' lang='lat' dir='ltr'>qua</span> <span class='ocrx_word' id='word_1_67' title='bbox 1024 1126 1192 1204; x_wconf 81' lang='lat' dir='ltr'>lebovam</span> <span class='ocrx_word' id='word_1_68' title='bbox 1212 1158 1301 1205; x_wconf 89' lang='lat' dir='ltr'>cou-</span> 
     </span>
     <span class='ocr_line' id='line_1_9' title="bbox 201 1228 1298 1331; baseline -0.001 -25"><span class='ocrx_word' id='word_1_69' title='bbox 201 1234 305 1307; x_wconf 84' lang='lat' dir='ltr'>bauti</span> <span class='ocrx_word' id='word_1_70' title='bbox 327 1234 446 1311; x_wconf 78' lang='lat' dir='ltr'>iavore</span> <span class='ocrx_word' id='word_1_71' title='bbox 469 1228 641 1331; x_wconf 85' lang='lat' dir='ltr'>populum</span> <span class='ocrx_word' id='word_1_72' title='bbox 664 1229 766 1301; x_wconf 82' lang='lat' dir='ltr'>ibunt</span> <span class='ocrx_word' id='word_1_73' title='bbox 788 1228 1174 1329; x_wconf 83' lang='lat' dir='ltr'>amplectieredcbant.</span> <span class='ocrx_word' id='word_1_74' title='bbox 1225 1232 1298 1305; x_wconf 85' lang='lat' dir='ltr'>lto-</span> 
     </span>
     <span class='ocr_line' id='line_1_10' title="bbox 199 1328 1299 1435; baseline -0.001 -26"><span class='ocrx_word' id='word_1_75' title='bbox 199 1362 270 1435; x_wconf 85' lang='lat' dir='ltr'>que</span> <span class='ocrx_word' id='word_1_76' title='bbox 286 1336 349 1425; x_wconf 82' lang='lat' dir='ltr'>iia,</span> <span class='ocrx_word' id='word_1_77' title='bbox 370 1334 437 1433; x_wconf 87' lang='lat' dir='ltr'>qui</span> <span class='ocrx_word' id='word_1_78' title='bbox 450 1332 589 1431; x_wconf 81' lang='lat' dir='ltr'>legibus</span> <span class='ocrx_word' id='word_1_79' title='bbox 602 1330 735 1403; x_wconf 61' lang='lat' dir='ltr'>divinis¹</span> <span class='ocrx_word' id='word_1_80' title='bbox 750 1328 849 1403; x_wconf 86' lang='lat' dir='ltr'>baud</span> <span class='ocrx_word' id='word_1_81' title='bbox 862 1330 1163 1432; x_wconf 70' lang='lat' dir='ltr'>obtemperarent,</span> <span class='ocrx_word' id='word_1_82' title='bbox 1187 1360 1299 1433; x_wconf 71' lang='lat' dir='ltr'>‹puor-</span> 
     </span>
     <span class='ocr_line' id='line_1_11' title="bbox 199 1430 1299 1537; baseline -0.001 -27"><span class='ocrx_word' id='word_1_83' title='bbox 199 1462 270 1511; x_wconf 83' lang='lat' dir='ltr'>‹ue</span> <span class='ocrx_word' id='word_1_84' title='bbox 289 1449 516 1537; x_wconf 86' lang='lat' dir='ltr'>peccatorum</span> <span class='ocrx_word' id='word_1_85' title='bbox 536 1432 681 1505; x_wconf 81' lang='lat' dir='ltr'>l&#39;uorum</span> <span class='ocrx_word' id='word_1_86' title='bbox 698 1430 797 1504; x_wconf 85' lang='lat' dir='ltr'>baud</span> <span class='ocrx_word' id='word_1_87' title='bbox 818 1433 1033 1532; x_wconf 82' lang='lat' dir='ltr'>poeniteret,</span> <span class='ocrx_word' id='word_1_88' title='bbox 1067 1432 1218 1507; x_wconf 86' lang='lat' dir='ltr'>lebovae</span> <span class='ocrx_word' id='word_1_89' title='bbox 1237 1436 1299 1511; x_wconf 83' lang='lat' dir='ltr'>in-</span> 
     </span>
     <span class='ocr_line' id='line_1_12' title="bbox 199 1464 1296 1639; baseline -0.002 -29"><span class='ocrx_word' id='word_1_90' title='bbox 199 1464 295 1612; x_wconf 71' lang='lat' dir='ltr'>iicia</span> <span class='ocrx_word' id='word_1_91' title='bbox 315 1560 516 1639; x_wconf 85' lang='lat' dir='ltr'>poenasque</span> <span class='ocrx_word' id='word_1_92' title='bbox 537 1532 785 1625; x_wconf 83' lang='lat' dir='ltr'>minabantur3</span> <span class='ocrx_word' id='word_1_93' title='bbox 818 1534 899 1633; x_wconf 84' lang='lat' dir='ltr'>pios</span> <span class='ocrx_word' id='word_1_94' title='bbox 912 1548 1031 1607; x_wconf 86' lang='lat' dir='ltr'>autem</span> <span class='ocrx_word' id='word_1_95' title='bbox 1046 1536 1219 1609; x_wconf 79' lang='lat' dir='ltr'>Israelitas</span> <span class='ocrx_word' id='word_1_96' title='bbox 1231 1562 1296 1609; x_wconf 88' lang='lat' dir='ltr'>ca-</span> 
     </span>
     <span class='ocr_line' id='line_1_13' title="bbox 199 1632 1294 1737; baseline -0.005 -24"><span class='ocrx_word' id='word_1_97' title='bbox 199 1640 356 1715; x_wconf 84' lang='lat' dir='ltr'>lamitate</span> <span class='ocrx_word' id='word_1_98' title='bbox 373 1638 463 1711; x_wconf 78' lang='lat' dir='ltr'>forte</span> <span class='ocrx_word' id='word_1_99' title='bbox 479 1634 629 1709; x_wconf 86' lang='lat' dir='ltr'>afflictos</span> <span class='ocrx_word' id='word_1_100' title='bbox 646 1632 917 1707; x_wconf 79' lang='lat' dir='ltr'>conlblabantur</span> <span class='ocrx_word' id='word_1_101' title='bbox 933 1634 1039 1709; x_wconf 82' lang='lat' dir='ltr'>bouis</span> <span class='ocrx_word' id='word_1_102' title='bbox 1056 1637 1229 1737; x_wconf 64' lang='lat' dir='ltr'>auguriis,</span> <span class='ocrx_word' id='word_1_103' title='bbox 1255 1651 1294 1708; x_wconf 92' lang='lat' dir='ltr'>et</span> 
     </span>
     <span class='ocr_line' id='line_1_14' title="bbox 198 1732 1294 1839; baseline -0.002 -26"><span class='ocrx_word' id='word_1_104' title='bbox 198 1740 399 1831; x_wconf 72' lang='lat' dir='ltr'>vaticiniis,</span> <span class='ocrx_word' id='word_1_105' title='bbox 438 1736 572 1839; x_wconf 81' lang='lat' dir='ltr'>quibus</span> <span class='ocrx_word' id='word_1_106' title='bbox 596 1732 714 1811; x_wconf 87' lang='lat' dir='ltr'>hostes</span> <span class='ocrx_word' id='word_1_107' title='bbox 739 1735 882 1809; x_wconf 84' lang='lat' dir='ltr'>divinae</span> <span class='ocrx_word' id='word_1_108' title='bbox 906 1737 1097 1811; x_wconf 77' lang='lat' dir='ltr'>maiestatis</span> <span class='ocrx_word' id='word_1_109' title='bbox 1121 1738 1294 1839; x_wconf 74' lang='lat' dir='ltr'>regnique</span> 
     </span>
     <span class='ocr_line' id='line_1_15' title="bbox 199 1836 1295 1919; baseline -0.006 0"><span class='ocrx_word' id='word_1_110' title='bbox 199 1846 402 1919; x_wconf 77' lang='lat' dir='ltr'>tbeocrotici</span> <span class='ocrx_word' id='word_1_111' title='bbox 424 1838 639 1911; x_wconf 69' lang='lat' dir='ltr'>debellatum</span> <span class='ocrx_word' id='word_1_112' title='bbox 659 1837 709 1909; x_wconf 88' lang='lat' dir='ltr'>iri</span> <span class='ocrx_word' id='word_1_113' title='bbox 732 1852 767 1909; x_wconf 92' lang='lat' dir='ltr'>et</span> <span class='ocrx_word' id='word_1_114' title='bbox 785 1836 988 1911; x_wconf 85' lang='lat' dir='ltr'>feliciorum</span> <span class='ocrx_word' id='word_1_115' title='bbox 1012 1838 1211 1915; x_wconf 83' lang='lat' dir='ltr'>seculorum</span> <span class='ocrx_word' id='word_1_116' title='bbox 1235 1865 1295 1912; x_wconf 93' lang='lat' dir='ltr'>or-</span> 
     </span>
     <span class='ocr_line' id='line_1_16' title="bbox 198 1936 1294 2041; baseline -0.002 -26"><span class='ocrx_word' id='word_1_117' title='bbox 198 1944 320 2017; x_wconf 78' lang='lat' dir='ltr'>dinem</span> <span class='ocrx_word' id='word_1_118' title='bbox 338 1942 555 2015; x_wconf 76' lang='lat' dir='ltr'>nasciturum</span> <span class='ocrx_word' id='word_1_119' title='bbox 570 1936 635 2011; x_wconf 86' lang='lat' dir='ltr'>ess&#39;e</span> <span class='ocrx_word' id='word_1_120' title='bbox 654 1936 928 2038; x_wconf 63' lang='lat' dir='ltr'>praedicebant„</span> <span class='ocrx_word' id='word_1_121' title='bbox 969 1939 1041 2012; x_wconf 87' lang='lat' dir='ltr'>Sed</span> <span class='ocrx_word' id='word_1_122' title='bbox 1056 1957 1163 2041; x_wconf 76' lang='lat' dir='ltr'>prom</span> <span class='ocrx_word' id='word_1_123' title='bbox 1176 1942 1294 2041; x_wconf 86' lang='lat' dir='ltr'>fingu-</span> 
     </span>
     <span class='ocr_line' id='line_1_17' title="bbox 198 2040 1295 2141; baseline -0.009 -18"><span class='ocrx_word' id='word_1_124' title='bbox 198 2046 243 2123; x_wconf 78' lang='lat' dir='ltr'>tis</span> <span class='ocrx_word' id='word_1_125' title='bbox 260 2043 434 2117; x_wconf 88' lang='lat' dir='ltr'>aetatibus</span> <span class='ocrx_word' id='word_1_126' title='bbox 457 2040 610 2139; x_wconf 79' lang='lat' dir='ltr'>lingulae</span> <span class='ocrx_word' id='word_1_127' title='bbox 630 2040 770 2112; x_wconf 88' lang='lat' dir='ltr'>inerant</span> <span class='ocrx_word' id='word_1_128' title='bbox 784 2065 906 2113; x_wconf 88' lang='lat' dir='ltr'>rerum</span> <span class='ocrx_word' id='word_1_129' title='bbox 924 2043 1099 2139; x_wconf 75' lang='lat' dir='ltr'>gestarum</span> <span class='ocrx_word' id='word_1_130' title='bbox 1120 2042 1295 2141; x_wconf 83' lang='lat' dir='ltr'>gerenda-</span> 
     </span>
     <span class='ocr_line' id='line_1_18' title="bbox 198 2140 1292 2247; baseline -0.007 -24"><span class='ocrx_word' id='word_1_131' title='bbox 198 2170 349 2247; x_wconf 87' lang='lat' dir='ltr'><strong>rumque</strong></span> <span class='ocrx_word' id='word_1_132' title='bbox 373 2144 522 2246; x_wconf 72' lang='lat' dir='ltr'>specics,</span> <span class='ocrx_word' id='word_1_133' title='bbox 556 2143 607 2215; x_wconf 90' lang='lat' dir='ltr'>ita</span> <span class='ocrx_word' id='word_1_134' title='bbox 629 2140 689 2214; x_wconf 85' lang='lat' dir='ltr'>illa</span> <span class='ocrx_word' id='word_1_135' title='bbox 710 2141 880 2215; x_wconf 81' lang='lat' dir='ltr'>vaticinia</span> <span class='ocrx_word' id='word_1_136' title='bbox 902 2144 1012 2215; x_wconf 71' lang='lat' dir='ltr'>atriis</span> <span class='ocrx_word' id='word_1_137' title='bbox 1032 2143 1209 2217; x_wconf 78' lang='lat' dir='ltr'>coloribus</span> <span class='ocrx_word' id='word_1_138' title='bbox 1232 2144 1292 2215; x_wconf 91' lang='lat' dir='ltr'>iu-</span> 
     </span>
     <span class='ocr_line' id='line_1_19' title="bbox 198 2241 1294 2346; baseline -0.006 -23"><span class='ocrx_word' id='word_1_139' title='bbox 198 2248 410 2330; x_wconf 83' lang='lat' dir='ltr'>duebantur.</span> <span class='ocrx_word' id='word_1_140' title='bbox 468 2244 591 2344; x_wconf 84' lang='lat' dir='ltr'>Itaque</span> <span class='ocrx_word' id='word_1_141' title='bbox 614 2241 739 2315; x_wconf 84' lang='lat' dir='ltr'>Iesaias</span> <span class='ocrx_word' id='word_1_142' title='bbox 763 2241 845 2340; x_wconf 86' lang='lat'>(10.</span> <span class='ocrx_word' id='word_1_143' title='bbox 875 2259 933 2319; x_wconf 72' lang='lat'>22.</span> <span class='ocrx_word' id='word_1_144' title='bbox 963 2260 1010 2322; x_wconf 74' lang='lat'>28</span> <span class='ocrx_word' id='word_1_145' title='bbox 1024 2242 1167 2344; x_wconf 44' lang='grc' dir='ltr'><strong>ἣδε.)</strong></span> <span class='ocrx_word' id='word_1_146' title='bbox 1193 2244 1294 2346; x_wconf 89' lang='lat' dir='ltr'>peri—</span> 
     </span>
     <span class='ocr_line' id='line_1_20' title="bbox 198 2342 1294 2444; baseline -0.006 -16"><span class='ocrx_word' id='word_1_147' title='bbox 198 2351 279 2429; x_wconf 83' lang='lat' dir='ltr'>cula</span> <span class='ocrx_word' id='word_1_148' title='bbox 300 2348 348 2423; x_wconf 88' lang='lat' dir='ltr'>ab</span> <span class='ocrx_word' id='word_1_149' title='bbox 369 2345 539 2441; x_wconf 57' lang='lat' dir='ltr'>Alte-tis,</span> <span class='ocrx_word' id='word_1_150' title='bbox 572 2344 740 2419; x_wconf 80' lang='lat' dir='ltr'>Ieremias</span> <span class='ocrx_word' id='word_1_151' title='bbox 756 2342 952 2444; x_wconf 80' lang='lat'>(1-89.)</span> <span class='ocrx_word' id='word_1_152' title='bbox 975 2372 998 2419; x_wconf 93' lang='lat' dir='ltr'>a</span> <span class='ocrx_word' id='word_1_153' title='bbox 1018 2344 1202 2421; x_wconf 76' lang='lat' dir='ltr'>Chaldaeis</span> <span class='ocrx_word' id='word_1_154' title='bbox 1220 2346 1294 2421; x_wconf 88' lang='lat' dir='ltr'>mi·</span> 
     </span>
     <span class='ocr_line' id='line_1_21' title="bbox 198 2447 1295 2529; baseline -0.005 -2"><span class='ocrx_word' id='word_1_155' title='bbox 198 2452 361 2529; x_wconf 84' lang='lat' dir='ltr'>nubatur.</span> <span class='ocrx_word' id='word_1_156' title='bbox 426 2448 583 2523; x_wconf 84' lang='lat' dir='ltr'>Omnino</span> <span class='ocrx_word' id='word_1_157' title='bbox 612 2460 732 2519; x_wconf 85' lang='lat' dir='ltr'>autem</span> <span class='ocrx_word' id='word_1_158' title='bbox 763 2447 907 2521; x_wconf 72' lang='lat' dir='ltr'>illorum</span> <span class='ocrx_word' id='word_1_159' title='bbox 928 2450 1099 2523; x_wconf 79' lang='lat' dir='ltr'>vaticinia</span> <span class='ocrx_word' id='word_1_160' title='bbox 1123 2472 1197 2521; x_wconf 83' lang='lat' dir='ltr'>nou</span> <span class='ocrx_word' id='word_1_161' title='bbox 1218 2463 1295 2521; x_wconf 88' lang='lat' dir='ltr'>tam</span> 
     </span>
     <span class='ocr_line' id='line_1_22' title="bbox 197 2550 1296 2650; baseline -0.006 -20"><span class='ocrx_word' id='word_1_162' title='bbox 197 2568 374 2631; x_wconf 89' lang='lat' dir='ltr'>certarum</span> <span class='ocrx_word' id='word_1_163' title='bbox 418 2550 695 2641; x_wconf 82' lang='lat' dir='ltr'>raedictionum‚</span> <span class='ocrx_word' id='word_1_164' title='bbox 722 2563 783 2621; x_wconf 92' lang='lat' dir='ltr'>aut</span> <span class='ocrx_word' id='word_1_165' title='bbox 797 2564 909 2623; x_wconf 76' lang='lat' dir='ltr'>certas</span> <span class='ocrx_word' id='word_1_166' title='bbox 924 2564 1126 2650; x_wconf 87' lang='lat' dir='ltr'>temporum</span> <span class='ocrx_word' id='word_1_167' title='bbox 1139 2551 1296 2623; x_wconf 77' lang='lat' dir='ltr'>rationee</span> 
     </span>
     <span class='ocr_line' id='line_1_23' title="bbox 197 2578 1293 2752; baseline -0.005 -21"><span class='ocrx_word' id='word_1_168' title='bbox 197 2670 260 2730; x_wconf 90' lang='lat' dir='ltr'>aut</span> <span class='ocrx_word' id='word_1_169' title='bbox 274 2667 387 2729; x_wconf 88' lang='lat' dir='ltr'>certos</span> <span class='ocrx_word' id='word_1_170' title='bbox 393 2578 564 2724; x_wconf 78' lang='lat' dir='ltr'>1immines</span> <span class='ocrx_word' id='word_1_171' title='bbox 580 2650 869 2750; x_wconf 81' lang='lat' dir='ltr'>fignificantium,</span> <span class='ocrx_word' id='word_1_172' title='bbox 896 2652 1141 2725; x_wconf 86' lang='lat' dir='ltr'>auctoritatem</span> <span class='ocrx_word' id='word_1_173' title='bbox 1156 2676 1242 2752; x_wconf 87' lang='lat' dir='ltr'>prae</span> <span class='ocrx_word' id='word_1_174' title='bbox 1255 2650 1293 2725; x_wconf 81' lang='lat' dir='ltr'>so</span> 
     </span>
     <span class='ocr_line' id='line_1_24' title="bbox 196 2750 1294 2853; baseline -0.006 -21"><span class='ocrx_word' id='word_1_175' title='bbox 196 2760 332 2850; x_wconf 79' lang='lat' dir='ltr'>ferunt,</span> <span class='ocrx_word' id='word_1_176' title='bbox 360 2778 469 2853; x_wconf 85' lang='lat' dir='ltr'>quam</span> <span class='ocrx_word' id='word_1_177' title='bbox 486 2752 602 2833; x_wconf 86' lang='lat' dir='ltr'>bonae</span> <span class='ocrx_word' id='word_1_178' title='bbox 621 2752 697 2852; x_wconf 81' lang='lat' dir='ltr'>spei</span> <span class='ocrx_word' id='word_1_179' title='bbox 718 2751 839 2825; x_wconf 78' lang='lat' dir='ltr'>[olatio</span> <span class='ocrx_word' id='word_1_180' title='bbox 850 2809 862 2845; x_wconf 88' lang='lat'>,</span> <span class='ocrx_word' id='word_1_181' title='bbox 888 2767 950 2825; x_wconf 90' lang='lat' dir='ltr'>aut</span> <span class='ocrx_word' id='word_1_182' title='bbox 972 2768 1137 2827; x_wconf 84' lang='lat' dir='ltr'>votorum</span> <span class='ocrx_word' id='word_1_183' title='bbox 1159 2750 1294 2825; x_wconf 81' lang='lat' dir='ltr'>defide-</span> 
     </span>
     <span class='ocr_line' id='line_1_25' title="bbox 196 2851 1296 2949; baseline -0.005 -17"><span class='ocrx_word' id='word_1_184' title='bbox 196 2858 272 2949; x_wconf 91' lang='lat' dir='ltr'>ria,</span> <span class='ocrx_word' id='word_1_185' title='bbox 298 2855 494 2929; x_wconf 86' lang='lat' dir='ltr'>autminus</span> <span class='ocrx_word' id='word_1_186' title='bbox 515 2853 711 2945; x_wconf 87' lang='lat' dir='ltr'>malorum,</span> <span class='ocrx_word' id='word_1_187' title='bbox 744 2869 806 2927; x_wconf 91' lang='lat' dir='ltr'>aut</span> <span class='ocrx_word' id='word_1_188' title='bbox 827 2880 994 2928; x_wconf 90' lang='lat' dir='ltr'>curarum</span> <span class='ocrx_word' id='word_1_189' title='bbox 1016 2854 1146 2927; x_wconf 76' lang='lat' dir='ltr'>annuis</span> <span class='ocrx_word' id='word_1_190' title='bbox 1166 2851 1296 2928; x_wconf 84' lang='lat' dir='ltr'>inhae-</span> 
     </span>
     <span class='ocr_line' id='line_1_26' title="bbox 114 2954 1297 3057; baseline -0.002 -26"><span class='ocrx_word' id='word_1_191' title='bbox 114 3028 118 3035; x_wconf 86' lang='grc'>,</span> <span class='ocrx_word' id='word_1_192' title='bbox 196 2959 352 3035; x_wconf 87' lang='lat' dir='ltr'>rentium</span> <span class='ocrx_word' id='word_1_193' title='bbox 368 2956 658 3057; x_wconf 78' lang='lat' dir='ltr'>fignificationes3</span> <span class='ocrx_word' id='word_1_194' title='bbox 691 2980 734 3029; x_wconf 90' lang='lat' dir='ltr'>ac</span> <span class='ocrx_word' id='word_1_195' title='bbox 748 2970 887 3029; x_wconf 88' lang='lat' dir='ltr'>tantum</span> <span class='ocrx_word' id='word_1_196' title='bbox 901 2956 1019 3047; x_wconf 85' lang='lat' dir='ltr'>abest,</span> <span class='ocrx_word' id='word_1_197' title='bbox 1051 2970 1093 3029; x_wconf 90' lang='lat' dir='ltr'>ut</span> <span class='ocrx_word' id='word_1_198' title='bbox 1111 2954 1297 3035; x_wconf 81' lang='lat' dir='ltr'>evidenter</span> 
     </span>
     <span class='ocr_line' id='line_1_27' title="bbox 128 3054 1296 3159; baseline -0.002 -26"><span class='ocrx_word' id='word_1_199' title='bbox 128 3126 133 3133; x_wconf 86' lang='lat'><em>.</em></span> <span class='ocrx_word' id='word_1_200' title='bbox 196 3084 239 3134; x_wconf 82' lang='lat' dir='ltr'>ac</span> <span class='ocrx_word' id='word_1_201' title='bbox 261 3056 370 3159; x_wconf 85' lang='lat' dir='ltr'>press&#39;e</span> <span class='ocrx_word' id='word_1_202' title='bbox 392 3058 557 3129; x_wconf 81' lang='lat' dir='ltr'>‹lebnitae</span> <span class='ocrx_word' id='word_1_203' title='bbox 579 3056 645 3129; x_wconf 85' lang='lat' dir='ltr'>fiat</span> <span class='ocrx_word' id='word_1_204' title='bbox 657 3110 667 3149; x_wconf 90' lang='lat'><strong><em>,</em></strong></span> <span class='ocrx_word' id='word_1_205' title='bbox 701 3072 743 3130; x_wconf 86' lang='lat' dir='ltr'>ut</span> <span class='ocrx_word' id='word_1_206' title='bbox 765 3056 975 3157; x_wconf 89' lang='lat' dir='ltr'>plerumque</span> <span class='ocrx_word' id='word_1_207' title='bbox 995 3082 1122 3155; x_wconf 85' lang='lat' dir='ltr'>vagum</span> <span class='ocrx_word' id='word_1_208' title='bbox 1137 3054 1296 3131; x_wconf 74' lang='lat' dir='ltr'>aflerant</span> 
     </span>
     <span class='ocr_line' id='line_1_28' title="bbox 196 3157 1295 3263; baseline -0.003 -29"><span class='ocrx_word' id='word_1_209' title='bbox 196 3161 458 3263; x_wconf 80' lang='lat' dir='ltr'>ancipitemque</span> <span class='ocrx_word' id='word_1_210' title='bbox 480 3158 723 3231; x_wconf 87' lang='lat' dir='ltr'>elocutionem.</span> <span class='ocrx_word' id='word_1_211' title='bbox 775 3157 875 3251; x_wconf 79' lang='lat' dir='ltr'>Quae</span> <span class='ocrx_word' id='word_1_212' title='bbox 897 3185 1010 3259; x_wconf 89' lang='lat' dir='ltr'>quum</span> <span class='ocrx_word' id='word_1_213' title='bbox 1029 3160 1078 3230; x_wconf 86' lang='lat' dir='ltr'>ita</span> <span class='ocrx_word' id='word_1_214' title='bbox 1098 3160 1182 3252; x_wconf 82' lang='lat' dir='ltr'>tint,</span> <span class='ocrx_word' id='word_1_215' title='bbox 1208 3184 1295 3232; x_wconf 85' lang='lat' dir='ltr'>eru-</span> 
     </span>
     <span class='ocr_line' id='line_1_29' title="bbox 196 3259 1294 3361; baseline -0.002 -26"><span class='ocrx_word' id='word_1_216' title='bbox 196 3264 313 3337; x_wconf 85' lang='lat' dir='ltr'>ditum</span> <span class='ocrx_word' id='word_1_217' title='bbox 328 3276 362 3335; x_wconf 89' lang='lat' dir='ltr'>ct</span> <span class='ocrx_word' id='word_1_218' title='bbox 379 3261 537 3359; x_wconf 77' lang='lat' dir='ltr'>sagacem</span> <span class='ocrx_word' id='word_1_219' title='bbox 552 3260 782 3361; x_wconf 78' lang='lat' dir='ltr'>interpretem</span> <span class='ocrx_word' id='word_1_220' title='bbox 800 3259 913 3333; x_wconf 82' lang='lat' dir='ltr'>multo</span> <span class='ocrx_word' id='word_1_221' title='bbox 934 3260 1046 3358; x_wconf 85' lang='lat' dir='ltr'>magis</span> <span class='ocrx_word' id='word_1_222' title='bbox 1064 3259 1183 3351; x_wconf 84' lang='lat' dir='ltr'>decet,</span> <span class='ocrx_word' id='word_1_223' title='bbox 1210 3286 1294 3337; x_wconf 81' lang='lat' dir='ltr'>oru-</span> 
     </span>
     <span class='ocr_line' id='line_1_30' title="bbox 195 3358 1294 3460; baseline -0.004 -21"><span class='ocrx_word' id='word_1_224' title='bbox 195 3362 269 3439; x_wconf 88' lang='lat' dir='ltr'>culi</span> <span class='ocrx_word' id='word_1_225' title='bbox 284 3358 639 3453; x_wconf 82' lang='lat' dir='ltr'>cuiusdamcaniam,</span> <span class='ocrx_word' id='word_1_226' title='bbox 667 3386 777 3460; x_wconf 64' lang='lat' dir='ltr'>cluam</span> <span class='ocrx_word' id='word_1_227' title='bbox 790 3361 866 3435; x_wconf 82' lang='lat' dir='ltr'>eius</span> <span class='ocrx_word' id='word_1_228' title='bbox 879 3376 1063 3454; x_wconf 83' lang='lat' dir='ltr'>eventurn,</span> <span class='ocrx_word' id='word_1_229' title='bbox 1089 3361 1128 3435; x_wconf 90' lang='lat' dir='ltr'>in</span> <span class='ocrx_word' id='word_1_230' title='bbox 1141 3358 1294 3436; x_wconf 81' lang='lat' dir='ltr'>historia</span> 
     </span>
     <span class='ocr_line' id='line_1_31' title="bbox 195 3460 1293 3565; baseline -0.003 -25"><span class='ocrx_word' id='word_1_231' title='bbox 195 3491 316 3541; x_wconf 87' lang='lat' dir='ltr'>rerum</span> <span class='ocrx_word' id='word_1_232' title='bbox 336 3464 513 3565; x_wconf 80' lang='lat' dir='ltr'>gestarum</span> <span class='ocrx_word' id='word_1_233' title='bbox 534 3460 742 3559; x_wconf 85' lang='lat' dir='ltr'>exquirere,</span> <span class='ocrx_word' id='word_1_234' title='bbox 768 3462 974 3564; x_wconf 77' lang='lat' dir='ltr'>praelertim</span> <span class='ocrx_word' id='word_1_235' title='bbox 993 3464 1018 3536; x_wconf 84' lang='lat' dir='ltr'>fi</span> <span class='ocrx_word' id='word_1_236' title='bbox 1037 3462 1208 3537; x_wconf 85' lang='lat' dir='ltr'>vaticinia</span> <span class='ocrx_word' id='word_1_237' title='bbox 1224 3464 1293 3537; x_wconf 88' lang='lat' dir='ltr'>lint</span> 
     </span>
     <span class='ocr_line' id='line_1_32' title="bbox 194 3560 738 3664; baseline -0.013 -20"><span class='ocrx_word' id='word_1_238' title='bbox 194 3566 353 3643; x_wconf 82' lang='lat' dir='ltr'>externis</span> <span class='ocrx_word' id='word_1_239' title='bbox 370 3564 536 3664; x_wconf 86' lang='lat' dir='ltr'>gentibus</span> <span class='ocrx_word' id='word_1_240' title='bbox 552 3560 675 3635; x_wconf 79' lang='lat' dir='ltr'>infesta</span> <span class='ocrx_word' id='word_1_241' title='bbox 691 3560 738 3660; x_wconf 72' lang='lat'>⁵).</span> 
     </span>
    </p>

    <p class='ocr_par' dir='ltr' id='par_1_4' title="bbox 194 3660 1292 4267">
     <span class='ocr_line' id='line_1_33' title="bbox 296 3660 1292 3768; baseline 0.002 -29"><span class='ocrx_word' id='word_1_242' title='bbox 296 3664 353 3740; x_wconf 81' lang='lat' dir='ltr'>Ad</span> <span class='ocrx_word' id='word_1_243' title='bbox 375 3664 535 3737; x_wconf 73' lang='lat' dir='ltr'>divinam</span> <span class='ocrx_word' id='word_1_244' title='bbox 554 3662 736 3763; x_wconf 80' lang='lat' dir='ltr'>religionis</span> <span class='ocrx_word' id='word_1_245' title='bbox 757 3660 976 3741; x_wconf 84' lang='lat' dir='ltr'>Christianae</span> <span class='ocrx_word' id='word_1_246' title='bbox 1003 3666 1180 3765; x_wconf 83' lang='lat' dir='ltr'>originem</span> <span class='ocrx_word' id='word_1_247' title='bbox 1205 3694 1292 3768; x_wconf 91' lang='lat' dir='ltr'>pro-</span> 
     </span>
     <span class='ocr_line' id='line_1_34' title="bbox 194 3762 1291 3864; baseline -0.001 -20"><span class='ocrx_word' id='word_1_248' title='bbox 194 3770 351 3845; x_wconf 86' lang='lat' dir='ltr'>bandam</span> <span class='ocrx_word' id='word_1_249' title='bbox 372 3792 391 3839; x_wconf 94' lang='lat' dir='ltr'>e</span> <span class='ocrx_word' id='word_1_250' title='bbox 411 3766 455 3839; x_wconf 85' lang='lat' dir='ltr'>V.</span> <span class='ocrx_word' id='word_1_251' title='bbox 473 3764 520 3838; x_wconf 88' lang='lat' dir='ltr'>T.</span> <span class='ocrx_word' id='word_1_252' title='bbox 542 3762 645 3837; x_wconf 86' lang='lat' dir='ltr'>libris</span> <span class='ocrx_word' id='word_1_253' title='bbox 665 3789 751 3864; x_wconf 88' lang='lat' dir='ltr'>prae</span> <span class='ocrx_word' id='word_1_254' title='bbox 771 3765 896 3839; x_wconf 89' lang='lat' dir='ltr'>ceteris</span> <span class='ocrx_word' id='word_1_255' title='bbox 916 3766 1143 3839; x_wconf 84' lang='lat' dir='ltr'>adducuntur</span> <span class='ocrx_word' id='word_1_256' title='bbox 1161 3770 1291 3843; x_wconf 80' lang='lat' dir='ltr'>vatici-</span> 
     </span>
     <span class='ocr_line' id='line_1_35' title="bbox 195 3861 1291 3971; baseline -0.001 -26"><span class='ocrx_word' id='word_1_257' title='bbox 195 3873 255 3945; x_wconf 85' lang='lat' dir='ltr'>nio</span> <span class='ocrx_word' id='word_1_258' title='bbox 276 3896 296 3943; x_wconf 89' lang='lat' dir='ltr'>a</span> <span class='ocrx_word' id='word_1_259' title='bbox 315 3864 499 3971; x_wconf 87' lang='lat' dir='ltr'>prophetis</span> <span class='ocrx_word' id='word_1_260' title='bbox 519 3866 677 3939; x_wconf 85' lang='lat' dir='ltr'>Meffiam</span> <span class='ocrx_word' id='word_1_261' title='bbox 694 3864 727 3963; x_wconf 76' lang='lat'>⁶)</span> <span class='ocrx_word' id='word_1_262' title='bbox 752 3861 930 3964; x_wconf 79' lang='lat'>(§.120.)</span> <span class='ocrx_word' id='word_1_263' title='bbox 952 3880 987 3939; x_wconf 90' lang='lat' dir='ltr'>et</span> <span class='ocrx_word' id='word_1_264' title='bbox 1005 3867 1175 3942; x_wconf 84' lang='lat' dir='ltr'>Mei&#39;fiana</span> <span class='ocrx_word' id='word_1_265' title='bbox 1199 3884 1291 3945; x_wconf 87' lang='lat' dir='ltr'>tem-</span> 
     </span>
     <span class='ocr_line' id='line_1_36' title="bbox 196 3966 1291 4074; baseline -0.002 -29"><span class='ocrx_word' id='word_1_266' title='bbox 196 3998 282 4074; x_wconf 90' lang='lat' dir='ltr'>pora</span> <span class='ocrx_word' id='word_1_267' title='bbox 298 3968 507 4047; x_wconf 80' lang='lat' dir='ltr'>canentibus</span> <span class='ocrx_word' id='word_1_268' title='bbox 520 3968 632 4058; x_wconf 82' lang='lat' dir='ltr'>edita,</span> <span class='ocrx_word' id='word_1_269' title='bbox 649 3966 695 4039; x_wconf 89' lang='lat' dir='ltr'>ad</span> <span class='ocrx_word' id='word_1_270' title='bbox 708 3991 800 4066; x_wconf 87' lang='lat' dir='ltr'>quae</span> <span class='ocrx_word' id='word_1_271' title='bbox 813 3968 905 4067; x_wconf 80' lang='lat' dir='ltr'>lesus</span> <span class='ocrx_word' id='word_1_272' title='bbox 920 3968 993 4068; x_wconf 81' lang='lat' dir='ltr'>ipse</span> <span class='ocrx_word' id='word_1_273' title='bbox 1009 3983 1180 4069; x_wconf 85' lang='lat' dir='ltr'>tanquam</span> <span class='ocrx_word' id='word_1_274' title='bbox 1194 3971 1241 4044; x_wconf 85' lang='lat' dir='ltr'>ad</span> <span class='ocrx_word' id='word_1_275' title='bbox 1254 3972 1291 4043; x_wconf 83' lang='lat' dir='ltr'>sa</span> 
     </span>
     <span class='ocr_line' id='line_1_37' title="bbox 196 4066 1288 4173; baseline 0.003 -28"><span class='ocrx_word' id='word_1_276' title='bbox 196 4073 408 4173; x_wconf 68' lang='lat' dir='ltr'>pertinentia</span> <span class='ocrx_word' id='word_1_277' title='bbox 433 4066 532 4143; x_wconf 77' lang='lat' dir='ltr'>haud</span> <span class='ocrx_word' id='word_1_278' title='bbox 558 4092 638 4141; x_wconf 87' lang='lat' dir='ltr'>raro</span> <span class='ocrx_word' id='word_1_279' title='bbox 667 4071 894 4169; x_wconf 82' lang='lat' dir='ltr'>provocavit,</span> <span class='ocrx_word' id='word_1_280' title='bbox 927 4072 1288 4163; x_wconf 71' lang='lat' dir='ltr'>v.c.bnc.16,16.</span> 
     </span>
     <span class='ocr_line' id='line_1_38' title="bbox 198 4167 1289 4267; baseline -0.001 -19"><span class='ocrx_word' id='word_1_281' title='bbox 198 4184 257 4264; x_wconf 77' lang='lat' dir='ltr'>nt,</span> <span class='ocrx_word' id='word_1_282' title='bbox 274 4182 333 4247; x_wconf 81' lang='lat' dir='ltr'>tt.</span> <span class='ocrx_word' id='word_1_283' title='bbox 367 4173 416 4243; x_wconf 83' lang='lat' dir='ltr'>to.</span> <span class='ocrx_word' id='word_1_284' title='bbox 434 4184 469 4266; x_wconf 76' lang='lat' dir='ltr'>a,</span> <span class='ocrx_word' id='word_1_285' title='bbox 487 4185 545 4248; x_wconf 78' lang='lat' dir='ltr'>aa.</span> <span class='ocrx_word' id='word_1_286' title='bbox 570 4179 628 4246; x_wconf 81' lang='lat' dir='ltr'>ta.</span> <span class='ocrx_word' id='word_1_287' title='bbox 646 4210 697 4225; x_wconf 91' lang='lat'>-</span> <span class='ocrx_word' id='word_1_288' title='bbox 728 4167 856 4246; x_wconf 68' lang='lat' dir='ltr'>batth.</span> <span class='ocrx_word' id='word_1_289' title='bbox 875 4186 934 4264; x_wconf 76' lang='lat' dir='ltr'>aa,</span> <span class='ocrx_word' id='word_1_290' title='bbox 949 4181 1122 4249; x_wconf 75' lang='lat'><strong>41-45.</strong></span> <span class='ocrx_word' id='word_1_291' title='bbox 1151 4190 1212 4267; x_wconf 77' lang='lat' dir='ltr'>aa,</span> <span class='ocrx_word' id='word_1_292' title='bbox 1228 4184 1289 4251; x_wconf 76' lang='lat' dir='ltr'>nt.</span> 
     </span>
    </p>

    <p class='ocr_par' dir='ltr' id='par_1_5' title="bbox 1230 4291 1291 4367">
     <span class='ocr_line' id='line_1_39' title="bbox 1230 4291 1291 4367; baseline -0.016 -16"><span class='ocrx_word' id='word_1_293' title='bbox 1230 4291 1291 4367; x_wconf 80' lang='lat'>27,</span> 
     </span>
    </p>
   </div>
   <div class='ocr_carea' id='block_1_4' title="bbox 0 0 1400 4759">
    <p class='ocr_par' dir='ltr' id='par_1_6' title="bbox 0 0 1400 4759">
     <span class='ocr_line' id='line_1_40' title="bbox 0 0 1400 4759; baseline 0 1"><span class='ocrx_word' id='word_1_294' title='bbox 0 0 1400 4759; x_wconf 95' lang='lat' dir='ltr'> </span> 
     </span>
    </p>
   </div>
  </div>
 </body>
</html>
