2792 4759
153 390 216 439 xrs
597 369 803 460 Praefatio.

152 540 381 635 adscendere,
413 568 486 617 non
500 543 540 614 in
555 540 700 635 eodem,
735 568 844 643 quem
858 540 949 617 forte
964 540 1165 639 attigerint,
1193 555 1254 618 co÷

150 662 321 760 guirionis
340 659 454 759 gradu
471 676 643 761 perpetuo
659 658 863 753 confistere3
895 675 931 733 et
953 660 980 731 fi
1000 660 1133 732 veritas
1150 655 1254 734 labo*

144 804 230 853 'rare
242 778 407 851 videntur
417 777 615 869 interdum,
634 776 802 868 eandem,
819 802 930 876 quom
941 775 1088 875 quidem
1101 772 1175 875 ipse
1194 796 1253 847 re*

148 898 214 997 gni
229 896 345 971 divini
359 896 522 971 conditor
537 910 573 969 et
586 896 708 970 verbis
722 912 757 969 et
772 896 876 971 factis
898 912 972 969 tam
993 898 1134 996 egregie
1152 920 1255 970 com·

149 1012 331 1088 mondavit
348 1011 417 1109 (Io.
439 1028 496 1103 18,
516 1028 573 1087 37.
601 1012 680 1086 coll.
701 1029 733 1087 1.
768 1014 866 1087 Tim.
885 1028 919 1107 6,
938 1012 1038 1111 te),
1071 1012 1253 1111 exstingui

149 1131 295 1205 omnino
324 1154 509 1229 nunquam
535 1132 701 1231 patietur.
764 1132 884 1232 Atque
913 1134 1022 1233 ipsius
1045 1138 1251 1228 Protestan·⁵

149 1253 268 1336 tirmi,
301 1250 378 1321 veri
400 1248 546 1348 quidem
569 1265 606 1322 et
627 1250 794 1349 genuini,
828 1250 1068 1325 consiliumet
1090 1248 1251 1324 officium

92 1436 94 1443 ,
146 1368 218 1462 est,
249 1366 457 1443 consensum
477 1368 517 1439 in
537 1366 722 1465 religionis
738 1367 890 1441 decretis
903 1395 977 1442 non
993 1370 1058 1441 uili
1073 1367 1177 1441 sanae
1191 1392 1252 1440 ra-

147 1488 256 1560 tionis
283 1484 491 1561 hominibus
516 1486 638 1559 inlitae
664 1486 864 1561 luminibus
889 1490 1042 1563 accende
1066 1488 1250 1589 perficere,

146 1607 246 1682 iniis
260 1633 363 1700 vero,
390 1630 483 1705 quae
497 1605 544 1679 ab
560 1630 602 1679 ea
618 1631 689 1679 non
705 1604 845 1707 pellunt
860 1608 967 1681 certis
985 1622 1021 1679 et
1035 1604 1250 1679 indubitatis

147 1726 365 1826 argumentis
386 1722 557 1815 stabiliri,
590 1723 803 1823 opinionum
822 1726 1031 1798 varietatem
1051 1750 1095 1799 ac
1114 1724 1250 1798 disere

146 1843 308 1944 pontiam
326 1841 476 1915 tolerare
491 1854 528 1913 et
541 1840 754 1933 concedere,
779 1842 888 1934 adeo,
913 1856 956 1915 ut
972 1844 1046 1935 „in
1060 1842 1174 1915 rebus·
1184 1856 1250 1916 ne2

146 1958 300 2035 cellariis
322 1972 461 2031 tantum
481 1958 599 2031 unitas
616 1958 674 2050 fit,
709 1957 888 2032 indubiis
907 1986 993 2033 vero
1008 1961 1173 2053 libertas,
1205 1961 1248 2033 in

142 2077 313 2153 omnilrus
329 2076 459 2151 caritas
466 2081 495 2147 ²³.
546 2074 649 2147 Unde
665 2076 851 2149 civitamm
865 2093 1020 2152 rectores
1032 2081 1177 2181 lingulis
1192 2081 1247 2153 ci-

145 2201 255 2274 vibus
269 2197 362 2273 hanc
379 2198 521 2271 veniam
538 2195 623 2269 dare
640 2196 761 2288 decet,
793 2211 836 2270 ut
850 2197 918 2297 ipsi
935 2196 1108 2292 statuant,
1135 2224 1247 2299 qnam

143 2320 185 2394 in
200 2317 373 2417 religione
389 2314 634 2415 amplectenda
650 2330 684 2387 et
697 2313 808 2387 salute
819 2312 889 2386 lua
908 2313 1067 2415 peranda
1088 2317 1185 2388 dom
1203 2340 1248 2391 ac

141 2438 322 2511 rationem
338 2435 547 2533 sequentur,
580 2432 687 2507 modo
703 2461 748 2509 ne
764 2431 874 2507 iustas
891 2433 987 2536 leges
1010 2435 1133 2509 civiles
1153 2434 1247 2509 ledi-

139 2554 229 2631 tiole
245 2555 379 2627 violent
395 2550 461 2624 out
471 2549 642 2625 recusent.
747 2569 751 2577 ·
1170 2566 1175 2576 ¹

245 2672 295 2745 At
310 2672 336 2742 [i
352 2669 433 2767 quis
448 2668 589 2759 timeat,
615 2692 680 2759 ne,
708 2667 881 2740 nonnullis
895 2683 1002 2767 atque
1015 2668 1162 2741 remotis
1177 2666 1248 2741 ob-

141 2789 260 2865 soletis
284 2784 532 2882 theologorum
553 2797 715 2855 veterum
737 2782 889 2856 decretis
904 2778 1093 2879 posteinie,
1128 2786 1245 2858 omnis

141 2909 270 3007 religio
287 2904 448 2977 funditus
464 2901 626 2993 tollatur,
660 2902 692 2973 is
711 2904 859 3001 cogitet,
893 2902 1047 2977 lenlihus
1062 2930 1084 2975 a
1098 2904 1247 2975 numine

140 3028 239 3131 ipso,
261 3022 429 3125 Apostolo
443 3019 530 3094 teste
545 3007 668 3117 (Romss
682 3037 773 3115 2,13
788 3021 849 3121 ll)
857 3079 867 3115 ,
893 3022 1035 3098 homini
1047 3026 1159 3097 insitis
1172 3023 1245 3096 ltu-

140 3146 246 3219 dium
267 3142 314 3215 ad
337 3164 458 3213 veram
484 3138 694 3238 religionem
715 3142 918 3241 emergendi
945 3144 985 3216 in
1008 3145 1128 3217 animo
1154 3144 1246 3218 bene

140 3262 334 3362 composito
357 3256 510 3331 excitari
533 3271 568 3329 ct
589 3254 795 3350 sustentari,
836 3284 902 3331 nec
923 3260 1035 3333 ullam
1061 3262 1244 3361 religionis

142 3383 344 3460 doctrinam
360 3376 501 3451 homini
521 3375 666 3450 cultiori
686 3368 874 3475 eidemque
894 3374 1023 3451 ethicis
1044 3378 1245 3478 praeceptis

138 3518 237 3579 ¹recte
252 3498 392 3573 imbuto
414 3494 562 3596 probari
582 3493 696 3595 polle,
730 3522 823 3596 quae
838 3496 942 3570 lanae
955 3499 1106 3570 rationis
1122 3495 1246 3570 decre-

141 3625 189 3697 tis
210 3614 355 3717 abipso
379 3615 470 3687 bene
494 3611 687 3714 perspectis
710 3630 901 3714 repugnet,
936 3642 1003 3688 nec
1028 3616 1135 3719 pleno
1161 3643 1246 3717 per-

141 3741 306 3837 sectoque
324 3728 457 3805 offensu
468 3732 519 3803 ab
535 3757 577 3804 eo
596 3730 852 3832 comprehendi
869 3733 984 3833 poffit.
1036 3735 1090 3808 Ac
1105 3750 1245 3809 tontum

141 3857 259 3949 alrolt,
299 3868 340 3927 ut
362 3865 480 3925 rectus
506 3852 655 3924 rationis
682 3850 766 3925 usus
789 3855 935 3926 omnino
960 3856 1039 3953 pios
1061 3856 1245 3957 religionis

141 3976 278 4066 sensus,
310 3970 477 4073 inprimis
495 3970 666 4069 pictatem
682 3969 722 4042 in
735 3970 852 4041 Deum
873 3985 1085 4072 gratumque
1106 3973 1244 4047 sensum

141 4093 398 4170 beneficiorum
415 4116 434 4161 e
448 4083 582 4161 Christi
598 4086 762 4159 doctrina
778 4084 825 4158 ad
840 4112 953 4186 genus
967 4083 1166 4164 humanum
1181 4115 1244 4162 rc-

142 4208 399 4311 dundantium,
421 4202 586 4278 debilitet
599 4218 708 4304 atque
721 4201 911 4303 infringat,
932 4220 974 4279 ut
988 4204 1244 4307 utriusque'of-
