2792 4759
183 358 190 365 ·
250 388 323 451 m
477 320 625 409 farell-
676 314 833 403 Cap-V·
885 309 916 411 ᾗ.
949 331 1029 395 111.

236 534 284 607 ὼ
306 532 322 601 3
343 524 376 595 so
394 510 610 611 mmmmm,
651 498 687 557 et
713 488 926 587 pravitatum
974 492 1185 585 oenitentia,
1221 506 1299 575 tana

230 556 402 699 melem
425 602 599 679 iunctam,
645 600 686 659 ut
715 612 818 663 nemo
847 588 901 665 sui
927 516 993 665 fili
1018 592 1180 667 conscius
1210 620 1299 697 per-

222 720 397 793 suaderem
416 696 455 763 de
477 688 538 767 illa
558 687 733 787 deponere
755 688 828 762 ullo
849 690 952 765 modo
972 692 1074 795 polfit
1090 692 1137 799 ⁴).
1190 697 1299 773 Atta·-

215 836 294 885 men
316 821 419 898 (tuum
440 816 511 865 non
533 787 647 861 solum
668 791 780 863 animi
802 788 937 865 indoles
956 796 1089 886 nativa,
1122 814 1298 896 opportu,

211 908 347 985 nitates,
379 890 508 990 quilius
528 890 655 989 linguli
675 888 840 964 homines
868 894 1022 991 gaudent
1047 894 1092 967 ad
1112 896 1296 973 facultates

205 1001 280 1073 luas
305 991 530 1084 excolendas,
572 1016 628 1063 res
649 1008 836 1084 externae,
880 995 1012 1093 quibus
1037 996 1173 1067 animus
1194 1000 1294 1075 varie

201 1111 379 1189 moretur,
412 1107 448 1164 et
470 1092 543 1193 ipl'e
566 1088 750 1171 caularum
773 1108 919 1167 eventus
939 1096 1041 1205 saepe
1064 1098 1293 1213 1111111111Πί-

199 1221 277 1272 mus
299 1219 320 1268 a
342 1193 464 1274 divina
482 1220 603 1274 rerum
625 1195 850 1297 dispositione
871 1198 1070 1297 pendeam
1111 1198 1171 1275 led
1190 1202 1293 1293 etiam

198 1310 342 1369 eventus
367 1298 548 1371 actionum
568 1293 766 1371 nostrarum
790 1296 893 1373 caelat
922 1300 962 1372 in
990 1326 1112 1373 rerum
1133 1314 1297 1374 externa*

195 1420 279 1469 rum
298 1422 433 1471 nexum
452 1422 474 1471 a
488 1396 729 1472 moderatione
746 1398 869 1473 divina
884 1396 1157 1503 dependentem,
1184 1402 1300 1477 faten-

196 1494 285 1573 dum
304 1496 407 1574 fimul
429 1498 497 1594 est,
530 1496 733 1574 libertatem
753 1494 947 1577 humanam
968 1503 1113 1576 omnino
1136 1528 1210 1577 non
1231 1501 1300 1583 effe

197 1601 418 1691 absolutam,
450 1600 512 1680 led
529 1603 661 1677 rectius
676 1600 751 1677 dici
763 1608 1044 1681 conditionalem.
1096 1602 1198 1683 Unde
1219 1604 1299 1679 elu-

196 1715 269 1794 cet,
302 1730 367 1807 per
380 1702 537 1783 hominis
553 1702 771 1777 voluntatem
786 1702 928 1779 divinae
946 1704 1190 1806 providentiae
1211 1730 1300 1781 con-

194 1802 270 1876 fllia
301 1820 407 1905 atque
437 1805 524 1879 litteo
554 1804 651 1877 nullo
673 1804 781 1879 modo
803 1806 943 1881 turbari
973 1808 1029 1881 rel
1052 1808 1199 1881 omnino
1219 1806 1300 1884 tolli

194 1901 307 2007 polle,
334 1904 507 2006 liquidem
523 1902 680 1984 efficacia
700 1908 776 1978 eius
798 1908 837 1979 in
859 1908 1058 1983 actionibus
1080 1906 1174 2001 iltis,
1208 1933 1299 2009 quaa

195 2004 243 2086 ab
259 2022 401 2087 aeterno
416 2008 574 2108 cognitas
590 2004 718 2086 habuit
730 2002 782 2109 (§
797 2008 878 2110 65.)
886 2066 897 2103 ,
920 2008 1183 2110 permittendis,
1206 2010 1298 2083 diri

194 2108 320 2206 gendis
335 2125 440 2210 atque
455 2107 658 2183 coercendis
672 2124 707 2183 et
723 2110 762 2181 in
776 2134 968 2209 pravorum
984 2112 1182 2186 facinorum
1196 2106 1297 2184 limi-

194 2211 294 2286 tibus
309 2212 414 2287 certis
429 2207 680 2286 constituendis
693 2212 852 2285 maxime
869 2211 1056 2313 conspicua
1071 2212 1129 2285 en.
1158 2212 1295 2304 Quam-

194 2312 386 2393 visentem
400 2309 561 2395 voluntas
576 2308 732 2386 humana
748 2314 852 2387 certis
866 2312 1000 2395 finibus
1016 2314 1055 2386 111
1071 2310 1296 2405 circumscri-

221 2429 277 2509 tn,
307 2414 498 2491 incolumis
518 2428 636 2490 manet
659 2429 797 2507 tamen,
830 2414 857 2487 fi
880 2413 1001 2515 perse
1022 2414 1216 2515 spectetur,
1247 2412 1297 2487 li-

194 2440 315 2597 llertes
336 2514 512 2613 hominis;
547 2540 630 2591 nam
652 2516 792 2592 animus
813 2512 990 2593 humanus
1011 2517 1062 2588 ita
1081 2514 1131 2589 est
1152 2540 1296 2615 compa-

195 2635 312 2712 ratus,
344 2636 404 2713 ut,
434 2621 583 2693 rationis
605 2617 643 2689 vi
663 2614 767 2717 [uper
789 2642 909 2691 rerum
927 2614 1154 2720 physicarum
1169 2615 1297 2690 scriem

196 2723 429 2819 ordinemque
443 2719 513 2795 lese
531 2716 710 2811 attollens,
726 2716 783 2791 ⁴ab
800 2718 876 2893 {fla
894 2720 1030 2796 ratione
1045 2716 1174 2796 ducere
1189 2731 1298 2817 queat

196 2824 370 2919 originem
387 2821 586 2910 actionum;
620 2818 714 2895 unde
729 2816 802 2895 hau
849 2821 968 2922 inepte
988 2814 1097 2892 homo
1114 2817 1161 2891 ad
1174 2817 1299 2921 dupli-

112 2920 119 2930 ’
197 2947 275 2997 cem
296 2946 418 2997 rerum
438 2920 600 2994 ordinem
621 2922 797 3020 pertinere
820 2918 970 3014 dicitur,
1004 2920 1154 2993 alterum
1173 2918 1298 3023 phyti-

198 3046 298 3114 cmu,
326 3020 476 3094 alterum
489 3020 678 3115 moralem,
711 3016 864 3122 quorum
886 3020 947 3096 hie
968 3020 1108 3095 homini
1127 3019 1299 3122 suppedi-

196 3137 250 3197 tat
264 3124 417 3195 rationes
432 3120 561 3221 agendi
575 3122 818 3217 decernentes,
845 3123 905 3201 ille
921 3122 1041 3199 causas
1058 3125 1297 3221 occafionatee.

195 3222 338 3317 Quibus
361 3223 481 3324 politis
503 3224 626 3323 negari
647 3224 795 3323 quidem
817 3226 958 3325 nequit,
983 3222 1166 3299 hominem
1178 3224 1299 3297 omni—

194 3325 373 3430 potentiae
386 3339 421 3398 et
432 3324 684 3426 gubernationi
694 3324 836 3401 divinae
850 3350 1034 3427 nunquam
1047 3351 1120 3399 non
1131 3321 1197 3403 elle
1208 3322 1298 3398 lub-

195 3421 355 3518 millum
379 3442 534 3501 attamen
549 3424 685 3501 nonest
701 3425 832 3501 necelle
838 3484 849 3523 ,
869 3453 951 3505 eum
965 3442 1161 3501 ceterarum
1173 3450 1296 3501 rerum

195 3526 423 3632 physicarum
443 3528 568 3622 inltar,
595 3552 742 3604 coecum
754 3526 904 3622 scilicet,
931 3527 1067 3603 sunrmo
1081 3552 1201 3602 rerum
1216 3524 1294 3617 fini,

195 3633 312 3707 aDeo
335 3628 539 3723 constituto,
572 3628 759 3723 inservire,
792 3628 853 3703 ted
876 3626 1072 3707 concellum
1092 3628 1127 3702 ei
1149 3626 1221 3721 est,
1253 3642 1297 3707 nt

196 3734 345 3814 rationis
356 3734 395 3803 vi
410 3731 537 3803 ductus
553 3731 651 3804 suam
670 3730 778 3831 ipfius
800 3730 900 3803 limnl
923 3745 1019 3831 petat
1039 3754 1162 3805 veram
1181 3728 1298 3805 felici-

195 3849 306 3908 tatem
328 3860 370 3908 ac
393 3833 624 3933 dignitatem·
671 3831 751 3925 Quo
773 3831 977 3931 diligentius
1000 3845 1119 3909 autem
1146 3828 1296 3903 aureli-

195 3936 325 4036 giofiue
345 3934 454 4011 homo
475 3932 576 4007 ideae
595 3956 699 4005 verae
719 3931 898 4011 felicitans
917 3946 952 4005 et
968 3931 1168 4032 dignitatis,
1195 3954 1216 4001 a
1234 3954 1295 4003 ra*

194 4039 292 4110 tione
308 4064 380 4109 non
394 4034 562 4111 nifilrene
577 4033 720 4109 exculta
736 4034 770 4107 ei
783 4032 1040 4134 suppeditatae,
1067 4056 1297 4131 quascunque

197 4138 427 4237 cogitationes
442 4152 478 4213 et
492 4136 689 4215 voluntates
706 4133 784 4215 suaa
797 4132 1134 4229 accommodaverit,
1160 4156 1204 4206 eo
1218 4156 1299 4209 nra·
