2792 4759
191 333 271 423 ‚eu
303 365 320 400 .-
432 307 624 425 Potin.
650 321 762 425 „capt
786 325 864 400 un
886 317 941 424 a.
968 333 1049 404 uz.
1079 359 1085 396 =.
1153 337 1157 343 ¹

189 499 445 618 conveniente,
467 521 541 597 quo
556 497 653 575 Dens
672 521 747 574 -uon
767 495 881 619 lolurn
901 501 965 595 iu,
990 500 1128 620 quibua
1142 501 1292 676 adipio-

188 598 484 684 ureClnrlltanue
500 598 716 674 benefiorum
732 615 898 701 contigit,
923 603 1105 678 sedetiam
1120 629 1205 678 omn
1245 631 1291 677 ue

189 703 276 782 aliia
288 702 450 783 omnium
464 701 625 800 gentium
640 697 850 777 hominibus
872 727 938 804 pro
960 731 981 778 o
1005 708 1222 806 portunitate
1244 703 1291 778 ad

189 829 316 881 ruunt
338 802 495 878 numinis
517 802 758 903 cognitionem
778 806 945 904 pervenie
999 807 1006 822 '
1031 807 1113 908 iptn
1135 803 1290 882 concello

192 921 231 986 et
250 931 319 1008 pro
342 904 514 1005 «lignitate
534 903 694 1005 ipsorum
713 905 862 1000 morali,
892 905 1123 982 salvatamen
1141 923 1221 982 tum
1233 908 1290 982 di·

188 1008 277 1082 .vinu
295 1007 460 1100 scientia,
492 1007 533 1081 in
554 1031 665 1107 quam
685 1009 856 1125 temporis
876 1010 1033 1104 rationes
1052 1010 1198 1084 omnino
1219 1035 1289 1086 nou

190 1109 344 1202 cudunt,
383 1123 463 1184 tum
487 1107 602 1183 libero
628 1106 964 1184 hennon-artuum
988 1106 1065 1209 (§§.
1083 1121 1142 1190 aa.
1174 1109 1287 1211 tto),

192 1209 323 1294 fortem
337 1226 516 1285 aeternam
528 1210 717 1286 destinavit
733 1207 785 1310 (ᾗ.
805 1211 911 1312 145.)
933 1212 987 1312 s).
1005 1271 1011 1282 .
1030 1215 1166 1293 Verum
1177 1215 1290 1288 anim·

191 1337 278 1391 voro
298 1311 457 1387 hominis
471 1312 670 1387 exfillentia
685 1327 720 1386 et
736 1311 922 1390 destinatio
945 1341 1018 1390 non
1038 1341 1087 1390 ex
1106 1313 1217 1390 huius
1236 1314 1291 1388 vi·

192 1429 250 1492 ue
264 1415 429 1490 cancellis
444 1414 621 1489 metienda
635 1428 670 1487 et
684 1413 877 1512 iudicanda
893 1416 961 1512 est,
986 1431 1021 1491 et
1036 1419 1151 1490 omnis
1168 1417 1293 1492 divina

184 1510 484 1620 praedestinatio,
517 1541 608 1618 quae
630 1541 706 1590 nox
725 1543 912 1618 perperam
932 1519 972 1590 in
989 1520 1107 1602 Deum
1124 1519 1295 1594 uanslata

190 1619 256 1712 ett,
272 1620 408 1721 quippe
422 1621 593 1720 temporis
606 1617 764 1692 limitum
778 1621 883 1720 plane
899 1633 1106 1720 expertem,
1124 1617 1196 1700 iola
1205 1643 1293 1692 cor-

188 1722 294 1802 nitur,
306 1720 472 1796 facultate
487 1736 522 1794 et
536 1721 862 1822 opportunitatibus
877 1722 923 1794 ad
936 1722 1109 1794 rationem
1121 1718 1293 1794 exoolen-

189 1821 279 1894 dnm
292 1821 373 1902 aliis
384 1823 459 1896 alio
474 1823 582 1896 modo
598 1835 635 1894 et
646 1821 762 1920 gradu
779 1823 819 1896 in
835 1821 904 1898 huc
920 1824 994 1896 vita
1013 1821 1169 1895 tributis.
1222 1820 1292 1894 Ge-

183 1935 309 2000 tarum
324 1924 546 2022 iis-quoque,
572 1948 662 2023 quos
677 1922 798 1996 divina
818 1923 1043 2024 providentia
1064 1924 1104 1996 in
1125 1921 1195 1998 hac
1215 1923 1292 1996 'rita

187 2019 1015 2227 ffittttlttltsst⁰sloltttitffi
1030 2051 1167 2098 Μ
1178 2023 1291 2098 ann

187 2193 191 2207 1
650 2183 661 2220 2
989 2183 1000 2212 a

230 2309 259 2377 o)
282 2307 381 2362 Form.
398 2308 490 2364 Cone.
509 2309 590 2380 Epit.
614 2311 663 2363 XI.
688 2312 742 2380 617
754 2311 785 2365 ll.
817 2310 988 2379 ‚,lloourate
1006 2309 1154 2364 observari
1172 2315 1291 2380 oportet

233 2391 515 2473 ‘discrimenlinter
529 2393 752 2462 praescientiam
771 2399 800 2446 et
818 2393 1104 2467 praenestinationem
1121 2391 1178 2444 live
1197 2400 1292 2444 aeter·

189 2475 209 2507 ³·
250 2470 332 2532 ¹narn
352 2476 533 2530 electionem
553 2475 619 2530 Dei.
654 2473 852 2530 Praescienlia
870 2475 950 2528 eninr
967 2475 1022 2529 Dei
1043 2475 1123 2529 nihil
1142 2475 1223 2530 aliud
1241 2477 1291 2544 ett,

188 2589 195 2597 ·
260 2576 352 2632 'quam
366 2561 444 2635 quoti
457 2565 539 2614 Deua
556 2560 656 2614 omnia
675 2557 811 2628 noverit,
833 2568 988 2630 antequam
1006 2559 1079 2614 fiant
1097 2589 1132 2602 -
1152 2561 1237 2616 timul
1256 2561 1293 2616 ad

206 2649 212 2658 ’
261 2650 357 2707 honor
372 2656 401 2702 et
415 2648 508 2703 malos
526 2646 674 2718 pertinen
698 2645 747 2700 scd
763 2644 886 2700 interim
900 2661 959 2697 non
974 2645 1013 2698 elt
1028 2647 1113 2700 caula
1128 2645 1216 2713 mali,
1239 2661 1293 2698 aa·

80 2754 86 2765 ‘
193 2740 209 2798 J
266 2751 324 2804 que
338 2732 452 2805 peccati
462 2760 519 2801 ,-
536 2740 693 2801 peccatum
707 2731 784 2784 eninr
799 2747 834 2784 ex
847 2729 961 2784 diaholo
975 2739 1004 2784 et
1020 2747 1054 2782 ex
1067 2729 1189 2785 hominio
1201 2743 1293 2797 prata

263 2828 294 2874 et
307 2820 384 2873 mala
400 2818 552 2872 voluntate
570 2815 675 2872 oritur.
712 2818 814 2886 Neque
828 2817 912 2888 caula
926 2816 981 2884 ost,
1005 2816 1082 2885 quod
1095 2814 1224 2885 homines
1238 2829 1293 2882 pa-

186 2892 193 2900 ·
232 2909 236 2913 ’
262 2915 365 2969 reant3
382 2905 439 2957 hoo
454 2904 532 2956 enim
547 2901 598 2955 fibi
616 2902 683 2974 ipat
698 2901 845 2972 imputare
860 2900 975 2954 dehent.
994 2928 1030 2940 -
1062 2898 1293 2974 Praenestinatio

186 2993 193 3002 ’
239 2991 242 2996 ’
264 2979 334 3044 iero
352 2994 372 3047 i.
387 2979 506 3046 aeterna
521 2977 578 3040 Dei
597 2987 706 3040 electio
727 2993 842 3038 tantum
860 2984 895 3036 ad
913 2985 1006 3037 bonor
1025 2993 1054 3036 et
1071 2983 1195 3056 dilectos
1212 2981 1294 3037 utto·

187 3095 194 3103 ’
262 3075 319 3129 Dei
332 3069 479 3144 pertinet,
499 3071 614 3123 ethaeo
629 3071 667 3122 est
680 3071 768 3121 onnia
780 3067 908 3136 ipsorum
922 3065 1028 3118 inlutis.
1058 3066 1174 3118 Etenini
1190 3071 1293 3121 eorum

236 3154 387 3218 ‘'talutem
400 3166 558 3230 procurat,
578 3166 607 3209 et
624 3171 675 3223 ea,
693 3171 769 3224 quae
783 3151 922 3222 adipsum
936 3150 1081 3221 pertinet,
1099 3149 1240 3220 disponit.
1258 3177 1294 3194 -

262 3251 298 3302 In
312 3264 347 3300 eo
362 3242 543 3314 (evangelio)
557 3241 715 3311 perspicue
728 3240 871 3308 docetur,
885 3239 964 3307 quod,
973 3238 1051 3289 Deua
1065 3235 1166 3290 omnes
1179 3238 1234 3294 tub
1247 3237 1294 3293 tn-

265 3335 474 3392 credulitatem
488 3317 692 3394 concluserit,
706 3335 738 3380 ut
753 3327 883 3378 omnium
898 3324 1086 3389 misereatur,
1109 3332 1138 3378 et
1154 3317 1227 3392 q'uod
1237 3341 1293 3377 uu·

189 3419 194 3424 ’
262 3402 318 3488 vlit,
339 3434 505 3489 quenquam
523 3414 638 3486 perire,
660 3412 710 3465 tert
728 3409 845 3480 potius,
872 3417 905 3461 ut
920 3426 1019 3461 omnes
1036 3395 1245 3461 convertantur
1261 3419 1293 3464 et

264 3507 295 3560 in
304 3505 448 3558 Christum
462 3499 589 3554 credant.
601 3527 636 3540 -
659 3494 864 3550 Damnationis
876 3493 1034 3562 impiorum
1047 3495 1133 3545 caula
1142 3493 1197 3560 en,
1215 3494 1294 3562 quod

159 3635 165 3644 .
187 3607 190 3611 ·
262 3593 388 3650 verbum
402 3587 460 3643 Dei
479 3594 530 3639 atrt
549 3585 670 3654 prorsas
688 3597 749 3634 non
766 3578 901 3646 audiant,
925 3578 973 3631 fed
989 3576 1204 3629 contumaciter
1221 3595 1294 3717 epu.

190 3716 194 3722 -
263 3683 416 3741 temnant,
435 3689 521 3725 auree
535 3670 699 3734 obdurent,
718 3675 748 3719 ot
762 3680 814 3718 cor
827 3664 988 3729 indurent,
1009 3671 1040 3714 et
1051 3661 1109 3712 hoo
1123 3661 1212 3713 motio
1247 3661 1296 3733 pt-

264 3763 340 3819 ritui
355 3763 376 3814 l.
388 3759 469 3812 viam
483 3753 663 3809 ordinariam
676 3750 885 3822 praecludent,
907 3755 941 3800 ut
955 3763 1028 3817 opne
1043 3749 1126 3799 snum
1144 3745 1175 3798 in
1191 3746 1232 3802 aio
1251 3749 1296 3804 ef·

263 3851 353 3906 licere
365 3849 500 3913 nequeat.
525 3839 609 3906 Quod
619 3837 712 3906 igitur
723 3843 863 3904 pereunt,
880 3850 974 3902 neque
984 3833 1080 3895 Deus,
1097 3847 1193 3902 neque
1206 3832 1295 3904 ipliue

190 3913 195 3916 ἱ
264 3927 390 3994 electio,
412 3927 463 3981 led
476 3923 590 3976 malitia
604 3937 707 3974 eorum
722 3919 753 3971 in
768 3919 854 3988 culpa
869 3919 915 3970 eil.
937 3945 971 3956 -
1007 3917 1041 3968 In
1054 3914 1170 3968 Christo
1184 3917 1293 3970 electio

263 4030 385 4076 aeterna
395 4014 451 4070 Dei
466 4007 558 4082 patris
573 4010 611 4062 est
624 4005 800 4078 quaerenda.
831 4007 858 4056 le
872 4003 902 4055 in
918 4013 1039 4084 aeterno
1052 4004 1101 4054 luo
1116 3999 1230 4053 canutio
1242 4001 1295 4053 de-

264 4103 373 4170 crevit,
391 4099 467 4172 qnod
480 4103 599 4167 praeter
612 4091 673 4157 eoe',
692 4089 743 4160 qni
756 4088 851 4160 filium
867 4087 928 4140 eiua
940 4089 1036 4139 Iesum
1048 4085 1190 4137 Christum
1204 4098 1296 4152 ogno-

191 4207 195 4217 ·
212 4227 217 4234 ·
263 4195 348 4246 locut
362 4195 392 4239 et
408 4185 441 4239 iu
454 4199 522 4237 eum
534 4193 605 4234 rere
617 4176 759 4242 credunt,
782 4172 929 4226 nerninem
943 4172 1058 4226 salvaro
1070 4169 1167 4224 lacera
1180 4167 1264 4222 vetio
1274 4171 1296 4199 ¹*

1250 4258 1300 4318 Cf.
