2792 4759
604 289 808 381 Praefatio.
1174 313 1253 364 xm

148 465 226 540 sicii
241 466 320 539 vim
336 466 477 565 egregie
494 478 638 565 augeat,
664 461 886 564 efficiatque,
911 479 952 537 ut
969 461 1077 537 homo
1094 488 1177 537 vere
1195 490 1254 539 re·

149 584 298 685 ligiosus
312 586 477 657 divinum
493 610 625 655 numen
641 598 734 655 uniet
747 598 783 657 et
796 597 975 674 vereatur,
1001 598 1173 683 tanquam
1187 606 1253 683 pa-

151 719 290 776 rentem
312 716 349 775 et
370 692 622 777 sanctissimum
639 715 674 774 et
689 699 999 801 sapientissimum,
1031 726 1124 794 non,
1153 699 1254 801 quod

150 818 202 895 est
227 819 456 920 superstitiosi
480 818 637 893 hominis
663 836 725 893 aut
750 822 898 897 fanatici
922 820 1184 921 (Augustin.
1208 820 1254 895 do

148 938 251 1012 civit.
266 939 320 1013 D..
339 938 399 1011 IV.
430 935 493 1035 9.)
500 995 511 1030 ,
542 953 584 1011 ut
604 935 743 1011 hostem
762 953 885 1013 aut-ut
903 953 1097 1034 tyrannum
1117 941 1252 1015 timeatr

150 1058 231 1131 lmo
254 1048 318 1156 qui
337 1054 499 1147 dubitat,
531 1042 737 1128 liberaliore
756 1057 891 1157 quippe
912 1056 1188 1159 philosophandi
1207 1058 1253 1133 da

152 1178 266 1252 rebus
280 1176 410 1249 divinis
424 1176 563 1249 ratione
577 1190 673 1250 recte
686 1175 866 1268 imbutus,
896 1201 989 1275 quae
1005 1202 1077 1249 uon
1095 1177 1254 1253 miracu-

153 1296 203 1369 lis
218 1310 278 1367 aut
292 1292 486 1389 mysteriis,
511 1291 573 1367 sed
587 1292 801 1396 certioribus
814 1291 1053 1366 fundamentis
1068 1294 1176 1368 fidem
1193 1321 1254 1369 re-
1295 1348 1302 1363 „

151 1411 315 1513 ligiosam
332 1409 558 1512 superstruit,
589 1410 842 1483 revelationem
863 1410 1024 1484 divinam
1042 1410 1254 1512 supernatu-

150 1531 267 1605 ralem
287 1542 324 1603 et
343 1526 589 1601 immediatam
611 1526 667 1600 vel
688 1526 826 1601 exstare
850 1528 907 1601 vel
927 1526 1154 1603 necessariam
1173 1530 1256 1625 else,

151 1646 413 1748 hominumque
429 1646 473 1719 de
490 1671 531 1719 ea
549 1643 808 1746 persuasionem
828 1670 877 1719 ex
894 1646 973 1747 ipsa
995 1648 1107 1720 animi
1126 1661 1255 1721 natura

150 1765 317 1839 derivare
339 1780 375 1837 et
395 1762 490 1838 hano
511 1761 768 1864 persuasionem
791 1763 838 1837 ad
857 1764 1071 1841 universales
1090 1770 1254 1842 notiones

151 1886 190 1957 ei
216 1882 406 1956 substratas
438 1906 604 1957 revocare
632 1880 765 1974 studet,
807 1883 898 1956 eius·
915 1898 1102 1985 propterea
1134 1883 1251 1989 neque

153 2002 287 2099 virtus,
325 2025 443 2099 neque
464 1998 577 2071 animi
598 1999 854 2097 tranquillitas,
893 2026 1007 2101 neque
1029 2004 1143 2103 pietas
1166 2004 1252 2105 erga

153 2124 272 2197 Deum
294 2116 498 2195 ullomodo
524 2115 772 2217 periclitatur3
812 2117 980 2217 idemque
1008 2118 1121 2195 officii
1146 2098 1252 2195 eausa

152 2238 249 2315 hano
267 2236 380 2339 ipsam
401 2232 657 2335 persuasionem
672 2259 744 2305 uon
759 2235 878 2307 minus
892 2234 994 2309 firme
1012 2240 1251 2340 graviterque,

157 2384 268 2459 quam
288 2356 367 2446 ille,
400 2354 466 2452 qui
488 2351 704 2425 contrariam
727 2352 933 2452 opinionem
954 2353 1050 2427 fovet
1057 2412 1068 2448 ,
1107 2356 1174 2430 fibi
1196 2373 1252 2430 te-

155 2475 313 2571 nendam
326 2470 482 2571 putabit,
514 2494 575 2560 ao,
604 2466 674 2539 fide
690 2469 825 2567 quippe
840 2468 903 2540 sua
923 2469 970 2540 ad
989 2474 1136 2567 quaevis
1155 2490 1252 2548 recte

153 2593 370 2691 honesteque
383 2590 475 2661 sacta
489 2586 633 2677 ductus,
666 2610 711 2657 ne
730 2585 838 2686 ipsius
855 2584 1002 2684 quidem
1022 2587 1178 2688 supremi
1192 2591 1251 2664 iu-‘

151 2715 245 2789 dicis
266 2708 474 2785 sententiam
495 2701 727 2805 expavescet,
764 2702 825 2803 spe
844 2726 887 2775 ae
907 2702 1037 2777 fiducia
1057 2706 1252 2782 firmiffime

152 2830 306 2933 reposita
319 2827 358 2899 in
373 2825 468 2913 Deo,
493 2821 609 2893 omnis
624 2821 784 2893 veritatis
799 2835 942 2895 auctora
957 2836 993 2897 et
1010 2822 1152 2898 vindice
1170 2825 1251 2901 ian·

152 2950 303 3026 crillimo
319 2959 355 3019 et
371 2937 631 3038 benignissimo.
684 2938 849 3012 Ceterum
862 2956 898 3013 et
914 2938 1062 3034 systema
1077 2943 1167 3018 illud
1185 2946 1252 3021 do-

152 3068 288 3143 ctrinae
303 3058 523 3136 Christianae
543 3056 715 3131 rationale
734 3056 860 3132 eodem
878 3060 958 3133 iure
979 3086 1021 3134 ao
1041 3079 1142 3138 vetus
1160 3043 1254 3144 illud

153 3178 509 3286 Supernunualismi,
531 3181 720 3273 postauam
734 3176 853 3251 dicere
866 3178 967 3273 licet,
994 3186 1251 3282 quatenussoi-

152 3306 238 3381 lieet
259 3312 508 3401 argumentum
533 3297 609 3369 eius
633 3293 843 3371 auctoritate
864 3296 987 3373 divina
1011 3306 1151 3374 interno
1170 3306 1197 3379 i.
1216 3332 1255 3406 e.¹

152 3439 270 3501 rectae
291 3416 458 3508 rationis,
488 3415 632 3487 divinae
646 3416 807 3489 veritatis
827 3416 907 3490 luce
924 3418 1162 3519 collustratae,
1194 3424 1247 3497 as

154 3543 254 3619 sensu
271 3535 565 3637 comprobatum,
596 3532 808 3607 indubitatis
822 3536 931 3607 etiam
945 3535 1140 3640 scripturae
1153 3540 1179 3615 s.
1195 3541 1250 3615 ef-

24 3738 26 3751 ,
154 3660 260 3750 satia,
282 3672 455 3754 tauquam
470 3652 678 3725 auctoritate
694 3650 817 3723 divina
832 3668 994 3740 externa,
1019 3658 1250 3736 confirmatur

156 3805 199 3853 ac
226 3772 502 3852 commendatur.
562 3768 643 3864 Quo
668 3770 764 3843 facto
788 3767 996 3846 hominibus
1025 3774 1252 3872 cultioribus,

152 3896 287 4001 quibus
304 3894 435 3967 veritas
454 3888 531 3990 ipsa
548 3914 617 3991 per
634 3885 708 3965 sese
729 3890 888 3963 maxime
907 3905 1051 3989 accepta
1072 3874 1141 3987 est,
1173 3904 1248 3970 non

150 4018 272 4093 minue
285 4012 378 4093 hene
393 4006 605 4097 consulitur,
638 4028 747 4104 quam
768 4006 1038 4100 incultioribue,
1070 4037 1160 4109 quos
1180 4021 1250 4087 ex«¹

150 4156 251 4214 terna
273 4126 450 4235 quaedam
473 4125 663 4200 auctoritas
688 4122 906 4225 potissimum
932 4142 1062 4201 movet,
1121 4128 1252 4233 Neque'
