2792 4759
433 354 492 427 D·
520 354 697 424 trinitare
722 356 759 425 tn
784 356 871 427 Deo.
1087 430 1093 441 ,
1121 364 1205 439 tto

96 527 176 606 t'mn
198 544 235 603 et
257 524 513 603 moestitudine
535 525 690 628 quadam
713 528 840 601 intima
862 552 945 603 cum
959 530 1036 604 Deo
1056 532 1207 606 coniun-
1265 616 1270 627 ¹

97 626 198 709 erun
216 627 287 729 (10.
307 646 365 723 10,
383 645 443 708 ao.
465 643 525 706 aa.
556 643 613 723 17,
631 644 691 705 21.
726 629 987 724 ct10.20,1⁷.
1018 632 1203 725 110.a,1.

96 752 132 808 et
153 734 262 810 Rom.
282 746 317 824 8,
335 728 436 828 211),
471 729 547 905 ipse
568 730 613 803 de
635 730 697 803 l'ua
718 730 897 805 voluntate
916 732 1058 807 edocuit
1078 730 1147 830 (lo.
1169 747 1204 829 7,

100 834 204 912 1811.
233 848 292 927 17,
312 848 346 912 a.
380 834 426 906 cf.
450 846 466 907 1
512 856 563 905 or.
579 841 613 923 4,
634 842 692 908 15.
720 833 797 905 Gal.
816 840 850 936 4,
869 848 926 909 19.
953 832 1102 907 Philam.
1123 833 1204 934 10.)

96 937 323 1035 eundemque
336 933 498 1007 Messian
512 932 703 1007 constitnit.
738 932 899 1035 Apostoli
912 961 995 1008 vero
1011 934 1117 1037 iplius
1128 934 1206 1033 lesu

95 1038 143 1111 de
163 1038 339 1137 dignitate
360 1033 423 1107 lua
443 1032 550 1111 ell'ata
568 1036 667 1107 varie
691 1051 903 1108 exornantes
923 1052 1029 1137 atque
1050 1036 1205 1138 amplifi-

95 1154 220 1219 cantes
242 1136 487 1237 compluribus
507 1137 557 1209 in
569 1136 657 1209 locis
673 1137 790 1209 Deum
814 1150 954 1239 patrem
975 1138 1051 1211 eius
1070 1135 1206 1213 vocalla

96 1240 285 1332 videntur,
303 1250 344 1310 nt
353 1236 493 1310 Christo
508 1236 721 1309 diviniorem
736 1236 917 1339 quandam
931 1254 1115 1332 naturam,
1133 1237 1205 1312 h'u-

96 1358 209 1417 mana
225 1340 330 1439 longe
349 1338 655 1443 praestantiorem,
682 1338 925 1431 vindicarent,
949 1340 1066 1412 Deum
1084 1340 1205 1414 autem

97 1438 382 1532 nomenoius,
397 1439 529 1513 divinis
539 1436 734 1512 virtutibus
746 1440 935 1515 instructae
943 1442 1082 1541 Deique
1094 1442 1205 1515 limil-

96 1546 226 1636 limae,
260 1556 442 1617 auctorem
464 1539 693 1617 declararent.
746 1540 911 1615 Ceterum
933 1544 1115 1615 notionem
1134 1543 1204 1616 Dei

95 1645 212 1820 paup
226 1644 304 1718 Iel'u
317 1642 450 1717 Christi
470 1667 493 1717 a
514 1644 658 1719 notione
679 1641 748 1715 filii
766 1644 835 1719 Dei
857 1638 910 1743 (§.
931 1642 1013 1745 82.)
1037 1643 1203 1747 pendere,

96 1774 165 1852 per
196 1760 339 1849 epatet.

201 1925 345 1977 Ammon
359 1918 433 1973 atta
452 1917 548 1973 ssent.
568 1921 593 1975 1.
614 1920 712 1991 87511.
747 1917 795 1973 Ei.
810 1918 927 1973 Summa
941 1920 996 1974 Th.
1012 1920 1084 1976 Chr.
1106 1936 1152 1975 roa
1169 1920 1203 1975 tt.

167 2004 591 2061 BokarmunHandbucb.
617 2006 655 2058 11.
681 2004 780 2073 58511'.
817 2005 904 2057 Pott
924 2005 1204 2076 Frugi-..Formtdto

165 2089 301 2145 dicendi:
321 2087 390 2152 θεὸς
405 2084 421 2141 ὃ
438 2086 531 2163 πατὴρ
543 2083 638 2160 Ἰησοῦ
653 2088 797 2163 Χριστοῦ,
814 2087 847 2144 in
861 2090 898 2145 N.
913 2091 947 2149 Τ.
963 2089 1086 2159 obviae,
1102 2088 1202 2148 brevit

168 2174 319 2250 expolitio·
337 2174 513 2236 68181888.

477 2328 482 2343 ’
584 2356 616 2459 §-
647 2375 706 2437 ee.

476 2512 511 2567 a.
544 2508 597 2565 n·
620 2508 713 2584 antip
736 2508 818 2563 net.

206 2656 248 2733 ln
271 2656 519 2732 examinandis
541 2656 587 2730 de
610 2657 685 2731 filio
707 2658 776 2731 Dei
799 2656 905 2730 dictis
929 2654 1075 2731 bilrlicia
1103 2654 1202 2732 notio
1342 2722 1354 2739 .

94 2758 204 2837 multi
229 2760 291 2845 lex
312 2759 400 2833 hnic
424 2759 600 2832 vocabulo
627 2759 800 2832 substrata
826 2758 940 2859 probe
966 2755 1203 2857 dignoscenda

94 2863 160 2936 eft.
203 2786 294 2934 lilii
305 2862 375 2933 Ilei
391 2861 430 2933 iu
444 2861 489 2935 V.
505 2861 552 2933 T.
569 2860 607 2933 ll.
624 2860 793 2934 dicuntur
808 2866 969 2953 primum
985 2874 1129 2933 naturae
1145 2862 1204 2932 in»

94 2962 295 3061 telligentea
306 2959 453 3034 homine
468 2961 661 3035 maioresl.
679 2962 795 3062 angeli
812 2960 921 3057 (Gen.
936 2977 968 3053 6,
984 2975 999 3037 1
1018 2958 1055 3034 ll.
1083 2960 1128 3035 cf.
1146 2989 1201 3063 ep.

93 3064 175 3140 lud.
194 3078 227 3139 8.
261 3062 338 3136 lob.
361 3077 393 3154 1,
414 3078 447 3137 8.
475 3077 510 3155 a,
530 3076 561 3136 1.
590 3077 649 3156 88,
671 3076 704 3136 7.
741 3064 793 3136 Pl.
815 3078 874 3155 aa,
896 3060 970 3160 1.);
1006 3069 1129 3135 aetnae
1150 3064 1203 3135 1³·

93 3166 260 3257 raelitae,
286 3179 328 3236 ut
341 3162 492 3271 lehovae
507 3163 658 3237 cultores
673 3164 809 3263 ipsique
825 3164 969 3264 probati
984 3161 1073 3259 (Ex.
1091 3174 1125 3259 4,
1144 3180 1203 3240 111.

93 3268 202 3343 Dent.
220 3274 279 3357 14,
297 3279 330 3338 1.
357 3264 420 3337 lel.
436 3273 496 3357 43,
516 3279 570 3357 6.,
595 3266 662 3338 uni
676 3266 764 3339 licut
781 3266 863 3365 Sap.
881 3281 914 3358 9,
932 3279 965 3339 7.
983 3281 1018 3337 et
1033 3266 1126 3339 filiae
1137 3266 1207 3339 Dei

94 3380 439 3459 commemorantur,
464 3366 533 3439 ler.
552 3382 612 3461 31,
631 3382 664 3445 9.
693 3366 778 3441 Hol.
793 3382 834 3444 11
841 3424 851 3457 ‚
866 3382 897 3444 1.
926 3366 1006 3439 coll.
1027 3366 1205 3461 Matthsa,

99 3466 183 3565 15.)
198 3466 254 3566 ¹),
286 3468 344 3541 vel
364 3492 449 3568 prae
472 3470 600 3543 ceteris
622 3468 767 3569 populis
785 3468 908 3542 dilecti
931 3466 1012 3564 (les.
1036 3484 1067 3563 1,
1089 3468 1207 3568 2ss2);

98 3576 249 3664 denique
269 3570 494 3669 magistratus
514 3583 550 3642 et
571 3596 690 3670 reges,
719 3570 817 3669 quasi
833 3569 961 3643 vicarii
977 3568 1129 3643 lehovae
1150 3568 1208 3643 vel

98 3668 150 3741 ab
163 3669 239 3768 iplo
253 3670 435 3744 conl'tituti
448 3668 485 3766 ὓ)
511 3667 586 3765 (Pl.
606 3686 639 3761 2,
659 3684 692 3744 7.
728 3671 807 3745 coll.
825 3674 905 3745 Act.
929 3686 986 3761 13,
1005 3686 1065 3747 33.
1093 3670 1206 3747 Hebr.

76 3830 83 3843 .
103 3786 137 3859 r,
159 3780 192 3843 a.
228 3772 360 3847 asam.
379 3786 415 3861 7,
434 3782 491 3845 14.
524 3772 578 3845 Pl.
598 3786 658 3864 aa,
678 3786 711 3847 8.
751 3786 809 3864 ae,
829 3771 934 3871 88),
969 3771 1036 3843 ubi
1053 3770 1210 3844 Davides

96 3872 169 3945 Dei
189 3870 283 3947 lilius
306 3873 565 3974 primogenitus
596 3874 621 3947 i.
645 3899 675 3945 e.
701 3875 808 3949 unice
832 3873 984 3947 dilectus
1012 3871 1210 3975 appellatur

98 3970 166 4071 (cf.
182 3972 263 4047 Act.
275 3972 415 4068 4,,25.)
467 3974 508 4047 ln
522 3973 688 4049 libris'N.
703 3976 748 4049 T.
765 3976 923 4049 filiorum
937 3974 999 4049 l'eu
1012 3972 1210 4048 liberorum

93 4075 165 4149 uni
187 4100 318 4150 nomen
341 4072 551 4149 hominibus
573 4074 853 4177 quibuscunque
876 4076 993 4147 Deum
1016 4072 1209 4150 secundum

66 4194 69 4197 ·
96 4175 283 4277 religionis
292 4173 515 4255 Christianae
526 4193 716 4281 praecepta
733 4179 792 4279 pie
810 4175 1010 4253 colentibus
1024 4175 1210 4276 numan,
