2792 4759
255 365 312 432 De
329 361 450 432 wool.
465 363 582 452 dogm.
592 359 685 454 syst.
704 371 794 426 recto
807 355 1050 450 componendos
1150 314 1199 455 tq

170 529 283 590 nioirtoe
300 530 420 599 (meeth.
437 547 477 600 19,
491 546 534 600 o9.
552 531 646 582 Marc.
662 546 703 594 ro,
720 546 760 598 ¹7·
780 529 823 580 10.
837 545 863 597 3,
880 542 920 598 15,
939 543 967 594 4,
984 545 1024 598 ²5.
1046 533 1200 600 17,5.)r0.

172 619 249 684 iort‚
266 619 318 672 led
333 617 369 668 nb
384 615 527 684 Aponoln
542 616 604 685 poll
617 612 678 666 scta
690 612 778 682 ipsine
793 613 909 666 domum
923 615 1100 684 propositam
1114 633 1202 689 repo·

171 705 282 756 rinmnt
296 703 337 770 (5.
355 703 443 770 137.);
469 701 502 751 in
524 702 634 753 summo
655 698 782 768 quodam
802 697 953 751 doctrinae
967 701 1035 770 Chr.
1052 699 1200 772 principio

88 821 98 839 .
173 784 359 839 enuncianda
376 784 537 853 gravissimo
551 783 604 836 illa
620 783 777 835 effatorum
791 783 856 835 Iclu
874 779 962 850 ipsios
980 796 1130 874 moment'n
1148 803 1202 856 po·

172 871 232 923 tius
250 867 436 938 respicienda
451 868 595 920 duximus.
632 865 743 935 Quibus
762 865 861 939 politio
881 867 1033 922 notionem
1054 869 1138 926 illem
1159 889 1204 926 re·

174 954 395 1006 conciliationis
409 954 432 1009 l.
448 952 631 1005 redemtionis
645 967 704 1002 non
718 950 769 1004 nisi
787 951 892 1004 morell
907 953 1034 1020 quodem
1045 955 1130 1010 sensu
1146 973 1202 1030 pn·

173 1038 251 1090 riori
263 1036 419 1108 religionis
430 1036 503 1091 Chr.
517 1034 671 1090 doctrinae
683 1033 846 1090 lubitu-uera
859 1033 943 1093 licet.

595 1215 717 1318 §.aa

355 1347 687 1450 Art—iculi
747 1377 958 1469 fidei.

212 1548 360 1649 Singula
382 1548 517 1648 capita,
543 1545 676 1646 quibus
700 1546 862 1620 (leonina
880 1547 1079 1646 Christiana
1100 1547 1210 1640 theo-2

105 1655 222 1728 retica
237 1652 457 1740 continetur,
485 1655 630 1720 articuli
640 1651 736 1742 fidei
759 1643 880 1746 (ἄρθρα
900 1656 954 1736 rije
973 1650 1126 1752 olorone)
1147 1656 1204 1728 di-
1226 1709 1232 1718 .

109 1757 181 1846 cti,
213 1757 240 1827 1.
255 1754 393 1825 ratione
409 1750 533 1822 linbila
548 1753 687 1843 fontis,
719 1749 814 1823 unde
835 1767 1022 1851 petuntur,
1055 1754 1080 1846 s.
1102 1759 1204 1856 prin-

109 1857 201 1958 cipii
224 1853 476 1954 cognoscendi,
508 1852 588 1924 lunt
612 1851 670 1926 vel
691 1858 780 1947 puri
805 1849 1028 1952 (positivi),
1050 1845 1212 1955 quorum

107 1960 238 2033 notitia
261 1984 281 2028 e
301 1955 374 2028 sola
394 1955 568 2054 scriptura
588 1953 686 2026 saera
704 1953 842 2026 hauriri
864 1953 994 2055 potest,
1030 1984 1064 2032 v.
1083 1985 1114 2034 c.
1139 1961 1205 2034 do-

109 2059 227 2134 ctrina
250 2059 294 2130 tle
314 2055 392 2128 lesu
412 2050 568 2148 Christo,
608 2051 716 2128 huius
739 2053 920 2155 religionis
945 2069 1107 2157 auctore,
1147 2061 1205 2138 vel

111 2167 221 2234 mixti
236 2155 485 2257 (rationales),
517 2157 583 2255 qiu
603 2183 675 2229 non
694 2157 802 2231 modo
821 2184 840 2230 e
860 2157 963 2230 listris
983 2159 1110 2256 sacris,
1144 2164 1206 2238 sed

111 2267 223 2340 etiam
244 2291 265 2333 e
285 2259 464 2358 theologia
488 2258 641 2330 naturah
662 2259 827 2356 cognosci
847 2258 1004 2360 possunt,
1037 2289 1067 2338 e.
1086 2291 1117 2338 c.
1139 2267 1205 2340 do-

114 2369 231 2442 ctrina
251 2361 295 2434 ‹le
317 2360 560 2462 proritlentia3
594 2360 639 2432 11.
659 2361 795 2433 ratione
815 2371 1034 2457 argumenti,
1066 2369 1164 2465 qnod
1184 2393 1207 2441 a

115 2467 206 2540 fidei
223 2463 438 2535 Christianae
459 2461 687 2533 fundamento
704 2461 739 2559 ¹)
767 2463 824 2534 vel
851 2465 998 2564 propius
1025 2466 1123 2539 abest
1149 2467 1207 2542 vel

118 2566 283 2666 longius,
314 2577 496 2635 vocantur:
534 2579 565 2638 1.
583 2565 889 2656 fundamentales,
922 2566 986 2663 qni
1008 2565 1101 2638 salva
1123 2568 1209 2641 reli-

114 2667 238 2773 gionis
259 2665 455 2763 integritate
479 2663 555 2736 tolli
579 2678 780 2763 nequeunt,
820 2663 861 2762 a)
880 2669 1052 2757 primarii
1071 2666 1097 2742 s.
1121 2693 1209 2742 con·

112 2769 290 2860 l'titutiri,
330 2765 512 2839 doctrinae
536 2765 719 2864 religionis
744 2764 962 2840 Christianae
988 2767 1120 2842 &eote
1146 2797 1210 2845 ne-

113 2871 301 2959 cessariae,
341 2895 376 2939 r.
399 2893 430 2941 c.
454 2867 504 2938 de·
517 2869 593 2939 Deo
615 2868 634 2937 s
642 2868 742 2940 siritu
765 2868 1012 2968 perfectissimo
1034 2869 1211 2971 spirituali

112 2974 221 3049 morlo
245 2894 669 3066 colend0(10.t‚24.)‚
708 2993 773 3068 per
799 2968 912 3042 lesum
934 2969 1113 3045 Christum
1143 2972 1213 3050 ho-

113 3078 227 3150 mines
261 3069 308 3142 atl
341 3069 486 3141 salutem
511 3085 688 3141 aeternam
719 3069 932 3172 perducente
959 3070 1035 3170 (10.
1056 3087 1113 3169 17,
1133 3076 1210 3176 a),
1244 3140 1252 3150 .

112 3177 160 3276 lr)
175 3175 391 3272 secundarii
416 3168 442 3243 s.
467 3171 699 3264 consecutivi,
735 3175 800 3246 tui
821 3175 987 3275 propiore
1010 3191 1072 3248 aut
1092 3205 1211 3252 remo-

112 3284 204 3354 tiore
224 3302 327 3348 nexu
347 3298 429 3345 eum
445 3272 517 3344 illis
533 3200 787 3371 cohaerent),
814 3301 844 3348 e.
860 3301 890 3348 c.
908 3275 1070 3350 doctrina
1085 3279 1130 3352 de
1146 3305 1212 3354 an-

114 3381 223 3481 gelis;
262 3393 297 3450 2.
320 3403 390 3445 noa
407 3375 694 3466 fundamentales
718 3373 743 3446 s.
768 3375 997 3470 illustrantes,
1031 3381 1097 3478 qni
1116 3381 1212 3454 salva

114 3480 300 3578 religionis
331 3477 530 3575 integritate
562 3475 638 3548 tolli
668 3473 830 3576 possunt,
871 3504 901 3550 e.
923 3503 953 3551 c.
978 3480 1140 3554 doctrina
1168 3481 1213 3556 dc

116 3596 263 3681 peceato
283 3577 489 3676 angelornm
505 3575 547 3674 ι).
606 3579 646 3649 ln
669 3578 919 3650 constituendis
944 3581 1103 3656 aniculis
1128 3583 1215 3656 fidei

12 3725 25 3740 .
123 3679 338 3754 Christianae
363 3677 685 3752 lunelamentalihns
712 3677 824 3779 probe
849 3681 1099 3780 dignoscantur
1125 3686 1214 3756 arti-

122 3781 198 3855 culi
218 3780 303 3852 ‹lieti
324 3783 483 3872 absolute
503 3779 801 3873 lundomentnles,
835 3779 872 3854 h.
891 3809 921 3854 e.
947 3809 965 3855 e
985 3783 1066 3855 solis
1086 3783 1215 3860 bibliis

118 3866 263 3983 repetiti
284 3896 318 3954 et
340 3887 486 3952 relative
507 3880 804 3973 fundamentales,
831 3879 868 3956 h.
885 3908 917 3956 e.
941 3910 959 3956 e
981 3884 1132 3956 lbrmnla
1154 3913 1214 3961 tc-

117 3983 239 4057 cseliae
264 3984 416 4054 alicuius
438 3981 582 4082 publiea
606 3982 756 4054 derivati
770 3981 817 4081 ¹).
870 3983 993 4082 Neque
1015 3985 1134 4060 minus
1155 3989 1215 4062 in-

114 4087 326 4184 vestigetur:
362 4109 536 4182 quaenam
564 4083 817 4183 propofitiones
846 4083 1125 4162 fundamentales
1154 4095 1216 4174 hid,

113 4184 231 4262 lrlicoe
260 4186 419 4288 propriis
449 4185 905 4288 [ingruerumlicriptorum
932 4181 970 4262 li.
1005 4187 1151 4268 iudiciis
1179 4205 1216 4276 et
