2792 4759
209 323 374 411 tos*
448 319 639 410 ranan.
689 323 1103 434 asaradan(

214 508 218 518 '
275 502 345 560 dm
362 498 519 653 amttam
536 505 670 577 tearum,
698 519 788 582 quam
807 507 894 580 supra
913 509 1090 582 arpentum,
1120 509 1311 584 intelligimur

275 604 302 645 a.
315 605 373 646 aa
467 605 511 646 so.

681 772 829 876 §.aaa

326 909 341 937 ’ἱ
444 935 704 1032 Historia
753 932 1133 1044 dogmatis.y
1268 963 1275 974 ·

304 1111 464 1192 nitoris
477 1113 653 1216 dogmatis
666 1112 712 1191 de
724 1109 824 1191 laura
837 1143 948 1194 ooena
962 1115 1062 1192 haud
1076 1115 1216 1210 levibus
1231 1118 1303 1190 im-

203 1215 329 1324 plicita
350 1219 402 1292 alt
422 1213 712 1314 difficultatibus,
744 1221 878 1320 partim
899 1244 920 1294 a
939 1245 1030 1322 vaga
1048 1220 1220 1296 sermonis
1233 1221 1305 1292 Pa-

203 1337 302 1396 trum
316 1321 402 1395 eccl.
417 1321 670 1420 ambiguitate,
702 1322 836 1421 partim
849 1347 869 1396 a
883 1322 1112 1396 multitudine
1131 1337 1167 1394 et
1183 1323 1304 1394 varie-

128 1421 134 1434 ’
202 1433 276 1498 tate
289 1421 624 1514 coutroverfiarum‚
657 1447 750 1521 quus
770 1420 813 1495 de
835 1419 904 1497 hac
922 1423 1085 1498 doctriua
1101 1424 1252 1522 aliisque
1268 1423 1305 1496 ei

202 1553 246 1604 co
272 1527 363 1600 natis
379 1526 531 1626 agitatae
547 1523 647 1617 lunt,
672 1521 845 1598 oriundis.
897 1523 997 1618 Quae
1017 1523 1061 1598 de
1078 1522 1177 1598 lucra
1192 1549 1306 1598 coena

202 1622 243 1704 in
294 1627 359 1702 .Τ.
376 1625 481 1700 libris
494 1624 702 1718 uaduntur,
726 1624 909 1726 quumvel
921 1627 1066 1726 propria
1083 1627 1218 1726 accipi,
1245 1625 1306 1698 vel

200 1730 382 1902 turpinum
398 1725 533 1800 habere
546 1725 676 1828 poffiut
688 1725 846 1818 lenium,
872 1723 970 1799 haud
985 1725 1117 1799 mirum
1131 1730 1181 1799 el't
1189 1785 1201 1820 ,
1228 1727 1304 1800 iarn

200 1832 241 1906 in
266 1855 330 1904 aa
353 1830 407 1901 rei
430 1825 649 1929 Christianae
674 1827 883 1926 primordiis
904 1827 950 1900 da
973 1828 1116 1900 illorum
1137 1829 1303 1930 explica-

199 1933 298 2006 tione
317 1943 354 2004 et
374 1929 419 2002 de
440 1927 546 2000 modo
567 1928 827 2002 coniunctionis
848 1927 1090 2024 lyndrolorum
1112 1953 1196 2002 cum
1219 1947 1304 2004 eor·

199 2057 289 2137 pore
304 2029 436 2106 christi
452 2029 551 2102 varie
566 2028 766 2104 iudicatum
782 2025 860 2102 elle.
912 2029 966 2102 Ne
987 2029 1053 2130 ipli
1071 2029 1219 2130 quidem
1232 2039 1301 2105 'au-

199 2131 374 2236 tiquiores
388 2129 552 2206 eccleliae
571 2130 752 2224 doctores,
778 2154 986 2230 quanquam
1003 2130 1153 2231 plurimi
1169 2157 1299 2233 corpus

199 2253 238 2311 et
254 2235 461 2336 sanguinem
474 2229 607 2306 Christi
625 2248 721 2307 recte
736 2229 813 2305 dici
832 2231 872 2304 iu
891 2255 1000 2305 ooaua
1015 2231 1041 2304 l.
1065 2231 1176 2306 adello
1189 2233 1298 2333 figni*

199 2339 415 2426 ficaverunt,
455 2333 496 2408 id
520 2357 593 2406 uuo
614 2333 809 2432 eodemque
830 2331 931 2405 sensu
958 2333 1181 2434 interpretati
1202 2333 1297 2428 l'uut,

201 2441 283 2514 allis
298 2442 427 2511 realem
440 2434 495 2536 ⁸),
522 2434 602 2508 aliis
609 2437 846 2532 symbolicam
860 2447 999 2508 tautum
1015 2432 1245 2536 praesentium
1258 2434 1297 2534 δ)

199 2539 499 2640 intelligentibus3
524 2537 685 2638 plerique
696 2550 815 2620 tamen
828 2537 866 2609 iu
879 2561 920 2608 eo
932 2549 1182 2630 convenerunt,
1198 2539 1297 2638 quod

198 2639 410 2720 hermianti
431 2641 507 2713 vim
532 2653 639 2739 atque
659 2636 786 2738 effecta
806 2662 871 2737 per
894 2634 1117 2710 ambitiosam
1137 2637 1296 2737 aliquam

198 2745 439 2916 eloqltrhentiam
461 2739 520 2814 vel
539 2738 709 2814 samonis
731 2739 917 2814 audaciam
941 2740 1063 2810 nimiis
1086 2740 1299 2815 extollerent

199 2846 260 2920 lau
289 2846 296 2860 '
326 2871 386 2939 us,
417 2845 489 2938 ita,
520 2857 582 2936 ut,
616 2841 823 2942 praesertim
845 2838 1005 2933 mysterii
1028 2841 1202 2912 transendi
1227 2855 1297 2914 'no-

199 2947 297 3022 mine
329 2945 384 3018 illi
416 2945 555 3036 indito,
593 2957 672 3016 tum
696 2941 844 3016 lectores
868 2941 947 3016 luos
959 2997 969 3034 ,
1008 2956 1084 3016 turu
1108 2967 1191 3035 eos,
1231 2946 1297 3043 qai

96 3071 100 3082 ·
198 3043 319 3151 poltaa
334 3043 482 3120 coenas.
499 3043 727 3136 fruebantur,
752 3041 901 3118 horrore
918 3041 1073 3143 quodam
1090 3039 1191 3118 sacro
1213 3071 1298 3144 per-

198 3149 366 3225 uellerent
385 3141 429 3245 ‘).
483 3145 569 3238 Quo
594 3146 730 3220 factum
755 3137 827 3238 est,
865 3157 906 3216 ut
930 3168 951 3215 a
975 3143 1091 3218 leculo
1123 3145 1207 3219 inde
1233 3149 1296 3242 lv,

141 3264 149 3288 ⁸
199 3273 315 3354 quum
326 3247 410 3321 latis
425 3261 563 3320 matura
578 3247 652 3320 iam
667 3246 834 3324 sacrificii
853 3245 951 3318 notio
965 3245 1013 3320 nd
1026 3271 1175 3320 coenam
1190 3247 1215 3322 l.
1232 3273 1298 3319 va-

199 3355 255 3430 rio
272 3349 378 3423 modo
399 3349 577 3452 applicata
593 3345 676 3422 ellat
689 3345 747 3447 ³),
777 3346 947 3420 sententia
968 3347 1012 3420 de
1033 3348 1181 3442 mystica
1202 3373 1295 3450 qua-

199 3451 284 3534 dam
305 3453 466 3551 corporis
489 3466 524 3525 et
545 3449 726 3550 sanguinis
746 3447 943 3551 praesentia
961 3448 1187 3548 eiusdemque
1205 3448 1296 3522 effa-

199 3557 287 3650 otis,
317 3579 383 3656 per
396 3552 492 3654 leges
505 3553 651 3626 rituales
696 3551 887 3624 otrffimum
906 3573 926 3620 a
943 3549 1167 3651 Gregorio
1184 3551 1201 3622 l
1222 3550 1295 3626 leo.

148 3673 152 3682 '
200 3661 268 3736 Vll
288 3659 431 3733 ineunte
451 3579 695 3756 propositas‘g
718 3651 942 3745 confirmata,
974 3651 1138 3753 plurimis
1160 3651 1298 3826 prolia-

199 3779 316 3853 tenu,
342 3754 757 3848 etseculotaudele,
789 3749 1035 3827 Palohal'io
1056 3753 1152 3826 Rad
1196 3770 1296 3828 erto

201 3855 425 3958 auctorat),
457 3857 620 3932 doctrina
641 3855 685 3930 de
705 3854 901 3956 praesentia
920 3851 1083 3954 phylira,
1110 3853 1136 3926 s.
1155 3855 1199 3928 de
1213 3855 1298 3928 sub-

201 3965 328 4039 llautia
359 3963 465 4064 ponis
496 3973 532 4034 et
556 3957 635 4030 viui
665 3983 732 4060 par
755 3953 1052 4032 consecrationem
1076 3956 1115 4028 iu
1138 3956 1300 4030 luhltau-

200 4067 290 4140 tiam
311 4067 473 4164 eorporis
495 4077 531 4136 et
552 4059 733 4159 sauguinis
756 4055 886 4134 Ghrilti
910 4083 994 4130 vere
1017 4071 1172 4148 mutata,
1213 4083 1300 4158 pro-

202 4179 395 4264 poneretur·
414 4179 466 4239 ao¹
478 4163 730 4264 divulgaretur.
761 4159 881 4236 *llaec
896 4155 1072 4234 'sententia
1091 4159 1300 4236 carnead-
