2792 4759
263 368 320 438 De
343 368 469 438 dirim
482 363 746 460 scripturaes.
772 369 994 436 anctoritate.
1106 377 1175 444 165

470 547 475 567 ‘
565 552 598 655 §.
626 565 685 632 44.

382 667 870 780 Continuatia

167 844 409 946 Argumentis
423 844 495 919 illis
509 842 715 942 diligentius
727 844 958 937 examinatis,
978 845 1100 945 negari
1115 872 1179 920 ne-

75 947 171 1048 quit,
198 947 475 1039 revelationem,
502 970 524 1018 a
541 971 613 1044 qua
629 946 757 1045 religio
771 946 914 1020 Iudaica
929 961 964 1019 et
979 945 1178 1022 Christiana

74 1064 307 1148 repetuntur,
332 1065 427 1121 recte
442 1048 604 1121 revocari
619 1045 712 1148 polle
728 1047 774 1118 ad
789 1049 983 1120 naturalem
996 1064 1030 1120 et
1043 1051 1181 1123 media-

76 1165 145 1252 tam
160 1145 216 1248 (§.
238 1148 341 1249 12),
368 1151 417 1223 ita
433 1149 597 1250 quidem,
624 1163 664 1221 ut
680 1163 840 1222 auctores
854 1149 994 1222 illarum
1013 1150 1181 1250 singulari

77 1251 101 1326 s.
123 1251 284 1326 notabili
304 1251 459 1348 quadam
486 1249 731 1351 providentiae
756 1249 917 1343 (livinae,
958 1253 1180 1326 naturalibus

78 1367 192 1428 tamen
213 1353 404 1454 praesidiis
428 1352 559 1424 utentis
572 1349 627 1449 ⁶),
654 1349 812 1426 efficacia
829 1351 976 1426 excitati
995 1368 1101 1452 atque
1116 1355 1196 1426 ad*¹

78 1457 142 1528 iuti
156 1456 227 1528 fiat
246 1451 297 1526 ad
311 1453 496 1526 meliorem
518 1468 553 1527 et
576 1452 810 1526 salubriorem
830 1453 1012 1552 religionis
1029 1455 1180 1532 {ormam

78 1553 291 1630 hominibus
312 1555 521 1630 tradendam
539 1554 757 1654 eandemque
777 1553 892 1630 cultus
915 1555 1054 1655 publici
1076 1573 1183 1657 atque

81 1658 241 1735 ecclesiae
258 1655 423 1730 instituto
439 1655 716 1757 propagandam.
759 1655 890 1749 Quodsi
906 1683 954 1730 ex
970 1658 1105 1731 ratione
1121 1685 1183 1732 co-

81 1759 214 1860 gitandi
229 1784 406 1858 moreque
424 1758 595 1858 loquendi
610 1757 707 1860 apud
721 1773 856 1832 veteres
871 1758 1013 1851 usitato,
1040 1760 1105 1858 qui
1125 1761 1183 1834 in-

81 1861 174 1960 genii
197 1860 305 1933 dotes
326 1859 536 1958 singulares,
575 1859 781 1959 praesertim
803 1885 885 1935 cunr
907 1859 1004 1933 sacro
1024 1861 1181 1962 quodam

84 1963 207 2035 mentis
221 1961 366 2034 {errore
382 1961 605 2053 coniunctas,
631 1959 724 2034 sacta
742 1976 778 2036 ct
795 1961 866 2034 sata
885 1962 1032 2061 insignia
1050 1963 1184 2083 simpli-

84 2065 168 2137 citer
186 2064 233 2136 ad
253 2063 373 2135 Deum
394 2061 613 2154 rel'erebant,
638 2059 787 2136 modum
804 2062 949 2162 quidem
964 2061 1072 2154 huius
1087 2065 1183 2142 ‹hvi-

85 2188 146 2238 nae
161 2163 344 2239 efficaciae
359 2189 431 2236 oon
447 2162 611 2236 litbtilius
628 2163 847 2270 deliniendo,
866 2165 1047 2264 religionis
1061 2185 1184 2240 aucto-

85 2293 138 2340 res
153 2294 202 2342 ex
216 2265 389 2342 mandato
403 2266 474 2342 Dei
488 2263 662 2366 peculiari
684 2279 720 2338 et
741 2264 842 2365 loqui
857 2281 898 2340 et
919 2287 1021 2365 agene
1041 2267 1109 2342 libi
1128 2268 1184 2342 vi-

86 2369 283 2458 debantur,
315 2367 415 2466 quali
437 2368 605 2468 propiore
627 2367 784 2468 quodam
807 2393 890 2446 cum
901 2369 980 2442 Deo
1003 2369 1185 2442 coniuncti

87 2495 204 2542 nexu:
231 2493 294 2542 eos
307 2467 478 2544 hactenus
498 2467 646 2568 quidem
667 2471 783 2542 omnis
804 2469 942 2544 fraudis
959 2485 1121 2572 expertes
1137 2469 1184 2566 ⁶),

88 2585 275 2644 oratorum
288 2586 321 2642 et
332 2569 530 2670 legatorum
544 2570 749 2642 divinorum
764 2569 909 2640 titulum
921 2571 1186 2644 auctoritatem-

89 2698 159 2772 que
180 2669 281 2744 haud
303 2672 435 2744 iniuria
459 2671 527 2742 sibi
553 2668 743 2744 vindicasse
773 2667 972 2762 censemus,
1012 2685 1186 2770 quatenus

87 2773 230 2864 ,oracula
251 2799 333 2845 vere
349 2771 471 2846 (lirina
493 2771 518 2844 i.
536 2798 567 2846 e.
588 2786 624 2844 et
638 2773 714 2846 Deo
731 2770 839 2870 digna
860 2786 895 2847 et
913 2797 932 2842 a
949 2773 1043 2865 Deo,
1069 2773 1186 2846 omnis

87 2877 249 2950 ueritatis
263 2898 438 2975 veraeque
457 2873 640 2974 religionis
661 2888 806 2948 auctore
824 2871 1004 2978 supremo,
1038 2900 1103 2976 per
1122 2901 1188 2948 na-

22 3018 23 3021 *
87 2978 242 3052 turalem
274 2975 422 3076 quidem
455 2975 639 3050 cnidiorum
670 2974 797 3050 seriem
829 2974 1043 3070 derivanda,
1088 2973 1189 3052 effati

92 3077 169 3152 sunt
182 3079 227 3178 ³).
281 3075 551 3177 lnlpirationem
564 3103 650 3150 vero
664 3077 876 3177 scriptorum
889 3076 1069 3151 lucrorum
1088 3079 1127 3152 in
1146 3103 1187 3152 eo

92 3204 220 3278 ponere
235 3179 339 3273 licet,
366 3177 463 3278 quod
477 3178 508 3250 ii
521 3179 598 3271 Deo
612 3179 839 3282 providente,
874 3177 920 3251 ad
940 3180 1041 3254 cuius
1061 3181 1189 3254 volun-

88 3293 198 3354 ‚tatem
220 3294 258 3354 et
281 3275 527 3373 efficientiam,
556 3279 654 3358 ,ficut
675 3281 822 3380 quaevis
844 3279 957 3359 animi
977 3279 1073 3358 sensa
1094 3281 1191 3360 bona

97 3377 205 3475 (Phil.
225 3397 337 3475 2,13.
363 3382 433 3455 Iac.
453 3396 485 3473 1,
504 3379 603 3479 17.),
636 3382 687 3456 ita
703 3380 781 3456 suas
797 3407 940 3482 quoquc
958 3381 1002 3457 de
1017 3383 1189 3482 religione

97 3480 281 3556 sententias
294 3483 357 3585 pio
372 3483 492 3556 animo
506 3482 723 3576 reserabant,
747 3479 813 3556 has
825 3482 966 3584 scriptis
981 3481 1191 3584 consignasse

96 3585 245 3678 putandi
258 3583 337 3656 sun't
350 3581 404 3682 ⁸);
431 3608 522 3684 quae
530 3639 541 3678 ,
567 3584 701 3658 etiamsi
716 3583 909 3656 lectoribus
924 3583 1031 3658 seculi
1044 3585 1097 3661 sui
1110 3600 1191 3660 tau·

94 3687 180 3756 'tum
198 3682 364 3758 destinata
386 3685 538 3778 suerint,
575 3699 693 3758 tamen
716 3687 767 3757 ita
790 3701 990 3788 comparata
1014 3687 1113 3782 sunt,
1150 3699 1192 3760 ut

104 3780 292 3858 etiamnum
312 3786 497 3886 religionis
518 3783 737 3862 Christianae
770 3788 897 3866 notitia
928 3789 1095 3885 illiusque
1127 3787 1193 3862 ‹lo-
1264 3804 1267 3808 ’

104 3882 215 3956 ctrina
235 3889 311 3960 aeri
333 3889 494 3962 cultioris
515 3911 658 3987 quoque
680 3889 877 3964 luminibus
895 3887 1194 3964 accommodanda

103 3982 183 4056 inde
205 3984 344 4062 hauriri
371 3989 485 4090 pollit.
538 3989 637 4082 Quae
659 4016 772 4088 quum
794 3991 843 4062 ita
866 3991 949 4080 sint,
989 3991 1028 4060 in
1051 3991 1193 4062 intutu-⁴

104 4086 195 4159 tione
218 4091 382 4192 populari
404 4089 599 4186 videndum
621 4093 790 4192 omnique
814 4091 928 4166 studio
949 4092 987 4163 in
1010 4115 1051 4164 eo
1072 4092 1193 4168 etalio-

105 4189 249 4266 tandum
266 4191 336 4296 esth,
369 4208 428 4290 ut,
461 4195 605 4267 remotis
628 4191 823 4268 artificiofis
840 4192 917 4268 illis
940 4189 1195 4296 hypothesibus
