2792 4759
394 346 420 356 ·’
443 315 501 391 De
527 324 767 394 trinitatem
792 328 879 395 Deo.
1143 343 1212 403 268

114 496 181 585 eh,
216 494 384 569 Patribus
404 494 638 595 Apostolicis,
676 497 741 595 qui
765 496 912 595 quidem
935 498 1022 573 ficut
1050 499 1211 603 plerique

113 598 348 698 priorisaevi
370 594 562 669 Christiani
584 596 701 669 Deum
749 613 879 689 atrem,
914 598 1029 672 filium
1050 616 1085 675 et
1105 602 1211 703 spiri-

114 696 226 771 tums.
245 697 524 797 profitebantur,
551 696 680 797 dogma
696 624 786 769 issud
801 698 905 798 pisane
921 702 1083 801 ignotum
1097 703 1208 778 inisse.

112 800 179 873 Sed
191 800 383 899 ptistquam
397 799 459 871 alii
470 792 665 899 lesum'pro
678 796 824 873 homine
837 816 976 875 tantum
991 806 1127 876 eximio
1143 802 1209 877 ha·-

110 900 281 993 buerant,
308 900 442 1001 quibus
455 900 676 973 adnumerati
688 902 768 974 suut
776 906 964 975 Ebionitoe
974 903 1026 1001 ⁰),
1054 902 1210 979 Theo*

109 1001 243 1076 dotus
269 1003 530 1094 Byzantius
556 1017 590 1075 et
615 1004 856 1094 Artemon,
899 1004 983 1097 alii,
1026 1022 1066 1079 ut
1089 1006 1208 1109 plures

109 1108 375 1200 Gnosticorum,
400 1102 445 1175 ad
462 1106 740 1199 Cobbolestarum
756 1103 789 1203 s·)
813 1105 856 1177 de
877 1114 1096 1179 emanatione
1117 1134 1206 1211 qua—

108 1207 189 1278 dam
210 1206 351 1277 virium
371 1204 575 1277 divinarum
599 1206 787 1279 sententias
812 1208 1015 1281 accedentes
1033 1208 1084 1307 ‘),
1126 1234 1207 1283 aeo-

109 1333 189 1381 nem
201 1307 227 1380 s.
242 1307 324 1377 vim
337 1306 536 1405 quandam,
568 1332 659 1405 quae
680 1333 699 1379 e
720 1308 841 1379 divina
857 1324 982 1382 natura
999 1308 1208 1411 promanas-

110 1408 176 1500 set,
202 1436 287 1482 eum
305 1408 380 1479 lesu
396 1409 626 1481 coniunctum
640 1406 758 1499 fnisse,
784 1408 994 1502 statuerant;
1022 1410 1145 1483 sensmt
1160 1410 1205 1483 de

110 1506 236 1586 Christi
252 1510 319 1583 seu
334 1514 391 1582 τοῦ
409 1504 502 1599 λόγου
524 1525 668 1602 natura,
694 1510 810 1581 rarius
825 1511 868 1583 de
882 1510 1010 1611 spiritu
1023 1512 1044 1583 s
1042 1571 1049 1584 .
1058 1569 1068 1605 ,
1097 1538 1205 1613 quem

106 1613 272 1711 plurimi,
301 1625 363 1683 aut
379 1610 454 1683 vim
468 1610 647 1703 divinam,
673 1626 734 1683 aut
749 1608 947 1711 hypostasin
965 1640 1046 1687 euru
1061 1610 1126 1687 esse
1147 1614 1204 1685 iu-

107 1714 284 1804 dicantes,
310 1709 423 1784 asdio
438 1712 508 1785 Dei
528 1740 599 1785 nou
622 1711 704 1785 satis
727 1712 1005 1812 distinguebant,
1037 1712 1203 1789 subtilius

107 1817 228 1915 quaeri
251 1829 422 1915 coeptum
442 1814 512 1905 est3
544 1813 639 1887 unde
660 1840 788 1914 magna
810 1831 934 1888 exorta
952 1816 1003 1889 est
1022 1842 1202 1891 coniuren—

107 1933 221 1991 torum
235 1914 420 1989 diverhtas
436 1930 470 1988 et
485 1914 737 2008 inconstantia,
773 1942 844 1989 non
867 1918 971 1990 modo
993 1920 1031 1991 in
1054 1916 1202 2019 scripto-

106 2018 205 2093 ribus
218 2017 383 2107 diversis,
409 2016 468 2088 sed
483 2018 590 2089 etiam
606 2017 644 2089 in
657 2019 849 2091 eorundem
864 2034 1048 2093 auctorum
1065 2018 1202 2119 seriptis

106 2122 307 2221 conspicua.
364 2120 465 2191 Duae
486 2132 623 2210 tamen,
657 2118 703 2192 ad
729 2146 817 2221 (pun
844 2120 1000 2221 reliquae
1028 2120 1108 2222 plus
1131 2120 1203 2194 mi-

106 2249 215 2295 nusve
238 2216 409 2294 accessisse
433 2220 616 2313 videntur,
657 2220 846 2295 sententiae
873 2224 1084 2324 praecipuae
1114 2246 1201 2294 aevo

108 2323 396 2397 Ante-Nicaeno
418 2348 482 2423 per
503 2321 681 2397 ecclesiam
700 2326 857 2395 maxime
887 2339 1098 2425 propagatae
1124 2348 1202 2397 cer-

109 2438 259 2516 nuntur,
284 2450 436 2523 quarum
452 2422 579 2517 altere,
611 2422 728 2498 seculo
743 2425 820 2505 lla
840 2426 1037 2515 Praxea,
1072 2430 1200 2501 Potri-

105 2529 340 2622 paffianomm
360 2540 521 2617 auctore,
560 2524 627 2599 sec.
649 2526 698 2599 ΙΙΙ·
720 2552 803 2597 vero
828 2550 849 2599 a
873 2526 1016 2598 Noe'to
1042 2526 1199 2617 Smyr-

107 2627 241 2700 nensi
262 2625 536 2716 etSabellio,
568 2626 708 2700 Paulo
729 2624 1040 2699 Samosatensi
1062 2639 1096 2698 et
1112 2625 1198 2697 Be-

105 2729 229 2824 ryllo
248 2728 477 2801 Bostrensi
498 2726 657 2821 defensa,
692 2726 759 2799 filii
781 2742 815 2801 et
838 2728 980 2829 spiritus
997 2725 1023 2799 s.
1042 2727 1198 2801 nantini-

104 2830 172 2905 hus
194 2832 353 2905 numinis
375 2829 608 2901 autrationes
631 2829 804 2928 quasdam
822 2832 996 2921 internas,
1023 2842 1084 2901 aut
1103 2830 1197 2900 vires

103 2949 165 3007 aut
178 2933 401 3034 operationes
417 2929 604 3029 significari
617 2930 738 3003 statuit
754 2931 808 3028 d);
842 2930 948 3003 altera
971 2930 1044 3003 filio
1069 2944 1103 3003 et
1123 2926 1199 3029 spi<

101 3036 191 3109 ritui
205 3036 232 3107 s.
248 3049 411 3106 naturam
423 3032 603 3132 (putandam
615 3030 874 3133 hypostaticam
886 3032 1031 3124 tribuit,
1050 3033 1099 3103 ita
1112 3034 1196 3131 qui-

102 3135 203 3228 dem,
228 3151 271 3207 nt
283 3134 461 3235 plerique,
487 3134 620 3205 etiamsi
635 3134 730 3233 patri
746 3149 779 3206 et
792 3134 883 3227 filio,
910 3134 1025 3206 rarius
1040 3149 1074 3205 et
1089 3132 1194 3233 spiri*

102 3240 156 3321 tui
170 3238 196 3311 s.
214 3238 386 3311 unitatem
395 3233 608 3307 substantiae
618 3236 856 3329 vindicarent,
875 3236 1115 3309 filiumtamen
1129 3256 1194 3333 pa-

103 3341 168 3433 tri,
185 3339 349 3441 spiritum
359 3363 442 3410 roro
452 3338 595 3436 utrique
605 3336 865 3436 quodanuuodn
877 3332 1008 3409 subesse
1019 3352 1053 3409 et
1065 3334 1191 3425 filium,

104 3466 215 3540 aeque
225 3466 266 3513 ac
276 3440 457 3540 spiritum,
474 3453 554 3509 ante
566 3438 739 3511 mundum
752 3439 933 3512 conditum
946 3454 1115 3537 temptam
1129 3462 1192 3536 pe-

104 3543 253 3615 culiares
264 3540 464 3641 hypostases
476 3566 523 3612 ex
534 3538 726 3614 substantia
739 3540 859 3615 divina
871 3539 1034 3640 prodiisse
1046 3552 1192 3613 conten-

107 3642 237 3717 derent.
297 3644 395 3715 isaeo
418 3642 585 3714 sententia
598 3698 609 3731 ,
649 3642 900 3741 praeeuntibus
925 3639 1096 3713 Iustino
1117 3638 1188 3727 M,

108 3741 371 3844 Theophila
395 3738 710 3835 Antiocheno,
751 3744 815 3844 qui
839 3744 926 3833 λόγον
951 3742 1125 3815 ἐνδιάθετον
1155 3750 1190 3810 ot

104 3848 283 3943 προφορικόν
304 3845 505 3945 distinguit,
544 3843 753 3937 Irenaeo,
787 3844 1017 3917 Clemente
1041 3838 1188 3930 Alex„

103 3947 283 4021 (doctrinae
299 3948 342 4018 de
361 3952 578 4017 euronntione
597 3951 653 4018 τοῦ
674 3951 764 4038 λόγου
784 3962 817 4019 et
836 3946 976 4046 spiritus
992 3942 1016 4013 s.
1035 3956 1187 4031 auctore,

104 4049 439 4123 aTertulliano
459 4048 675 4149 potissimum
696 4064 730 4121 et
747 4045 964 4147 Origene,
992 4044 1055 4145 qni
1075 4043 1190 4115 notio-

103 4177 185 4224 nem
197 4151 432 4251 generationis
443 4164 600 4223 aeternae
614 4148 795 4251 proposnit
803 4206 813 4243 ,
833 4174 896 4223 nec
909 4148 1026 4219 minus
1042 4170 1061 4218 a
1077 4144 1190 4217 Dio-
