2792 4759
195 253 313 328 ¹⁸¹trs
445 245 634 324 aaroni.
684 215 1113 334 cap.·m·§.²1ao;b'.·

233 413 323 496 daria
339 415 402 494 ind
460 417 632 490 cotiarum
652 437 676 486 a
693 405 927 487 Pontificibus
941 411 1109 488 Romanis
1128 404 1226 486 olim*
1238 421 1344 484 ven*

237 519 396 599 ditarunt
463 517 573 616 quius
588 512 798 616 agnoscas),
831 511 911 586 aliis
925 514 1038 588 modis
1056 514 1172 612 iisque
1190 511 1344 584 libera-

200 691 205 700 .
236 621 388 696 lioribus
407 632 442 691 et
459 619 574 718 magis
594 617 736 692 decoris
758 613 980 688 resarciatur.
1038 625 1070 688 6.
1097 611 1206 706 Quod
1227 609 1343 684 deni-

237 745 307 823 que
327 719 482 818 reliquas
505 719 633 791 attinet
657 715 893 792 eucharistiae
915 714 1147 790 caerimonias
1171 712 1344 812 aliosque

236 821 341 910 ritus,
366 820 449 918 qui,
476 819 516 892 in
532 820 686 894 ecclebis
700 815 1006 909 Lutheranornm,
1031 817 1166 990 ptuippe
1181 813 1228 886 ad
1239 814 1343 888 Pon-

237 919 428 994 tificiorum
449 921 541 994 ritus
563 922 713 1022 propius
735 918 999 1010 accedentium,
1066 915 1249 1016 equentius
1261 915 1342 990 ufi-

234 1019 319 1111 tati,
345 1020 387 1092 in
401 1020 482 1095 aliis
499 1022 602 1096 aliter
618 1022 770 1094 instituti
788 1037 823 1094 et
841 1018 1077 1093 administrati
1097 1017 1259 1110 fuerumt,
1290 1031 1339 1091 ut

233 1145 269 1195 r.
284 1145 316 1194 c.
339 1137 403 1195 aut
423 1124 463 1196 in
486 1123 659 1196 altaribus
675 1121 827 1197 coenas.
847 1121 1045 1196 celebretur
1065 1134 1128 1192 ant
1149 1119 1189 1191 in
1209 1119 1338 1194 meniis

233 1220 382 1323 ligneis,
416 1224 536 1299 mensa
557 1224 657 1299 sacra
684 1223 866 1327 tapetibus
891 1237 1055 1315 ornetur,
1094 1220 1282 1322 lampades
1298 1233 1339 1294 et

233 1324 405 1399 candelae
424 1325 680 1420 accendantur,
714 1353 785 1426 quo
802 1325 949 1424 quidem
968 1341 1108 1426 tempus
1127 1319 1237 1396 huius
1252 1345 1339 1398 coc*

233 1449 303 1500 nae
331 1451 354 1500 a
376 1425 515 1502 Christo
537 1429 717 1502 institutae
742 1426 925 1502 commode
950 1427 1184 1526 fignificatur,
1225 1424 1339 1499 verba

212 1573 215 1580 -
237 1526 473 1603 institutionis
494 1530 742 1622 decantentur,
777 1544 817 1602 ut
838 1529 975 1629 lignum
997 1529 1130 1621 crucis,
1162 1529 1340 1628 imagines

237 1629 402 1730 aliaeque
417 1658 474 1704 res
488 1646 657 1705 externae
674 1629 914 1704 adhibeantur
932 1645 997 1704 etc.
1016 1629 1048 1728 e)
1057 1687 1068 1723 ,
1102 1655 1161 1704 eos
1176 1629 1341 1702 velcon*

237 1729 408 1804 stituendi
422 1732 479 1804 vel
492 1733 668 1806 retinendi
681 1732 738 1804 vel
754 1734 865 1806 etiam¹
875 1733 1060 1805 reiiciendi
1073 1731 1216 1831 lingulis
1229 1732 1341 1806 coeti·-

237 1827 327 1923 b'us,
353 1848 496 1906 auctore
510 1834 657 1933 quidem
669 1834 949 1931 uniuscuiusque
957 1833 1198 1927 Presbyterio,
1223 1832 1340 1906 facul-

238 1945 294 2006 tas
309 1933 387 2006 iure
403 1936 601 2034 meritoque
616 1933 765 2008 concedi
779 1935 883 2008 debet
898 1931 968 2030 (lo.
986 1949 1020 2025 8,
1037 1950 1096 2010 32.
1125 1934 1202 2008 Gal.
1220 1932 1336 2029 5,1.).

240 2029 400 2108 Omnino
413 2050 532 2108 autem
546 2037 585 2108 in
598 2037 774 2110 eiusmodi
787 2035 913 2126 rebus,
947 2061 1039 2136 quae
1060 2037 1106 2108 ad
1125 2035 1262 2108 cultum
1281 2060 1340 2107 re-

238 2131 384 2232 ligionis
396 2151 586 2209 externum
597 2140 786 2238 pertinent,
803 2137 1004 2210 iudicandis
1015 2137 1342 2236 constituendisque

239 2236 436 2311 ridendum
455 2237 523 2332 est,
556 2253 599 2312 ut
618 2265 678 2311 eae
698 2239 745 2310 ad
767 2239 907 2312 decreta
926 2238 1080 2332 biblica,
1113 2265 1207 2340 quae
1224 2239 1341 2312 Deum

239 2353 358 2412 mente
382 2339 601 2440 potillimum
626 2366 716 2440 pura
745 2341 875 2440 piaque
899 2339 1086 2414 colendum
1107 2339 1174 2414 elle
1200 2341 1341 2441 pracci-

240 2439 366 2540 piunt,
393 2456 429 2514 et
445 2441 492 2514 ad
507 2441 669 2516 eccleliae
687 2443 946 2541 antiquillimae
965 2467 1127 2516 normam
1146 2443 1342 2542 simplicio-

240 2563 320 2618 rem
335 2545 450 2641 magis
466 2544 651 2643 magisque
674 2560 893 2618 revocentur.
946 2545 1108 2618 Ceterum
1123 2543 1341 2618 consociatio

239 2641 322 2734 illa,
350 2671 422 2716 non
438 2645 502 2717 nifi
519 2645 672 2717 formula
687 2645 867 2717 doctrinae
888 2644 1033 2743 publica
1056 2645 1101 2718 ad
1123 2661 1247 2743 typum
1268 2644 1342 2715 do-

239 2744 377 2816 ctrinae
401 2744 557 2818 biblicae
580 2747 830 2846 fimpliciorem
845 2747 1066 2822 conformata
1085 2761 1120 2820 et
1138 2744 1344 2838 emendata,

240 2845 376 2942 optime
392 2845 529 2920 firmari
544 2848 676 2948 poterit
693 2846 748 2946 s).

274 3025 308 3092 a)
329 3025 411 3095 Quae
428 3037 581 3095 praeterea
599 3027 787 3082 intercedunt
804 3028 884 3084 inter
898 3031 1081 3086 Lntheranos
1100 3040 1131 3084 et
1146 3029 1341 3084 Reformatos

308 3113 495 3170 differentiae
510 3116 544 3167 in
557 3116 694 3171 formulis
710 3117 797 3170 certis
811 3118 1003 3187 pertinaciter
1016 3119 1191 3186 retinendis,
1210 3134 1244 3170 ea
1257 3117 1344 3170 levil-

309 3199 462 3278 limilunt
481 3204 625 3257 momenti
644 3211 674 3255 et
694 3203 732 3254 fic
751 3206 905 3258 commode
923 3207 1087 3261 tolluntur:
1117 3209 1174 3260 Pro
1194 3207 1288 3260 verbis
1307 3207 1342 3260 in

311 3289 444 3342 oratione
457 3292 602 3342 dominica
616 3289 693 3360 apud
705 3290 885 3344 Lutheranos
900 3279 1027 3348 alitatis:
1051 3296 1132 3347 Vater
1145 3295 1258 3360 aufert,
1275 3294 1345 3362 qui-

308 3371 363 3424 bus
378 3373 527 3429 Lutherus
543 3377 573 3430 in
586 3375 774 3431 Catachismo
786 3377 864 3430 baud
877 3379 967 3433 dubie
980 3389 1139 3450 propterea
1153 3381 1218 3432 ulus
1232 3379 1285 3445 cb,
1307 3387 1344 3431 ut

309 3476 346 3511 eo
361 3460 478 3515 facilins
493 3463 651 3518 formulam
663 3464 872 3520 Germanicam
886 3467 1005 3520 Latinae
1020 3469 1213 3536 supponeret,
1230 3465 1345 3520 rectius

308 3546 422 3602 dicitur
435 3563 501 3601 cum
516 3549 578 3619 iplc
591 3553 739 3620 Lutherc,
760 3551 791 3605 in
804 3554 935 3607 serlione
948 3553 1109 3607 bibliorum
1122 3553 1221 3605 locum
1233 3553 1344 3605 Mattb.

308 3640 335 3706 6,
348 3657 374 3708 9.
390 3647 420 3690 et
434 3637 506 3690 Luc.
517 3655 557 3705 aa,
571 3655 594 3692 a.
609 3642 652 3693 ita
664 3652 815 3696 vertente:
840 3645 928 3710 Unser
945 3645 1045 3698 Vater!
1061 3673 1097 3684 -
1131 3646 1165 3696 In
1179 3643 1345 3712 precatione

305 3727 445 3797 septima,
468 3723 521 3778 ubi
537 3727 685 3781 Lutberur
706 3737 735 3781 et
753 3730 784 3783 in
803 3732 904 3785 bibliis
922 3741 951 3784 et
969 3731 1000 3783 in
1015 3730 1200 3783 catechismo
1220 3727 1274 3782 ἀπὸ
1292 3731 1343 3782 τοῦ

211 3817 215 3824 “
262 3885 268 3894 1
309 3815 434 3886 πονηροῦ
450 3830 515 3864 vom
531 3815 628 3883 Uebel,
646 3817 811 3873 Reformati
825 3831 923 3875 antem
937 3837 1000 3873 unm
1014 3823 1105 3890 bilsen
1119 3830 1147 3874 et
1161 3819 1271 3873 rectius
1281 3819 1345 3890 qni·

215 3913 219 3920 ·
259 3901 264 3914 '
308 3899 525 3968 demvertnnt,
550 3899 782 3971 ct.apt1.a‚'1a.
808 3909 877 3960 110.
892 3925 917 3973 a,
935 3925 976 3976 15·
999 3911 1043 3961 Io.
1059 3925 1099 3976 15,
1114 3925 1158 3974 m,
1183 3923 1274 3976 quam
1292 3907 1345 3960 sub

276 4063 279 4068 Ι
310 3987 568 4060 imagineSatanae
579 3993 747 4061 complexus
761 3995 831 4048 mali
845 3995 961 4049 nroralis
973 4013 1064 4066 neque
1076 4013 1110 4048 ac
1122 3993 1247 4064 phylici,
1261 3995 1347 4064 ligni-

307 4069 432 4141 iicetur,
455 4075 569 4145 lentus,
592 4075 649 4132 lire
663 4095 728 4131 corn
740 4079 847 4149 Rosea,
870 4081 926 4136 five
942 4099 1006 4134 cora
1023 4081 1106 4136 Uebel
1118 4079 1215 4148 dicas,
1240 4079 1348 4134 eodem
