2792 4759
336 1020 721 1109 THEOLOGIAE
761 1020 1153 1108 DOGMATICAE

641 1184 766 1241 PARS
792 1187 849 1240 111.

185 1316 265 1417 'De
290 1321 471 1410 consiliis
501 1342 547 1409 et
575 1321 778 1408 institutis
801 1321 956 1407 divinis
985 1304 1040 1409 ari
1065 1308 1291 1409 hominum

230 1456 413 1541 salutem
440 1483 520 1566 per
546 1449 690 1539 Iesum
716 1451 928 1536 Christum
958 1456 1253 1565 reparandam.
1338 1488 1341 1495 ·

570 1648 860 1733 ‘Caran

195 1802 259 1871 DE
288 1798 478 1867 STATUS
507 1797 749 1864 HOMINUM
781 1796 1083 1865 DEPRAVATI
1113 1798 1290 1865 CAUSIS

567 1895 629 1963 ET
661 1896 912 1963 Errnctla

667 2092 701 2197 §.
734 2112 817 2175 ηε.

501 2256 978 2328 Introductta

192 2401 351 2529 Homo,
385 2436 550 2537 quamvis
572 2435 718 2512 eximiis
739 2459 762 2506 a
783 2449 939 2511 creatore
961 2451 996 2511 et
1016 2434 1129 2510 animi
1150 2448 1186 2509 et
1208 2461 1288 2510 cor-

191 2542 290 2646 poris
305 2538 449 2613 dotibus
465 2537 671 2630 instructus,
698 2563 771 2610 non
785 2537 855 2610 fine
870 2563 999 2638 magno
1015 2536 1137 2611 labore
1151 2552 1187 2611 et
1202 2564 1287 2611 eon-

191 2646 293 2718 tinuo
307 2640 441 2733 tudio,
468 2666 533 2712 nee
547 2639 613 2712 nifi
627 2665 648 2711 a
663 2638 784 2740 parvis
798 2637 912 2713 initiis
933 2638 979 2711 ad
994 2640 1203 2739 dignitatem
1219 2639 1285 2738 ipfi

191 2740 400 2820 destinatam
421 2742 662 2842 maioremque
681 2739 751 2812 Dei
773 2738 1057 2833 similitudinem,
1096 2762 1186 2839 quae
1211 2738 1285 2811 sola

191 2870 274 2917 vera
293 2844 435 2916 virtutis
457 2842 537 2918 idea
560 2842 608 2915 ab
630 2839 708 2956 ipse
729 2837 913 2914 efficienda
930 2842 1145 2932 continetur,
1169 2840 1285 3013 potest

191 2969 380 3041 emergere.
436 2940 625 3016 Neminem
651 2967 747 3015 emm
771 2956 897 3014 natura
924 2941 986 3015 sua
1012 2940 1147 3015 bonum
1197 2965 1282 3013 one-

189 3047 353 3145 stumqne
368 3038 452 3134 effe,
477 3040 538 3115 sed
550 3057 688 3116 tantum
700 3041 927 3116 facultatibus
948 3059 983 3117 et
1003 3042 1121 3117 indole
1142 3042 1189 3115 ad
1207 3043 1282 3113 vir-

190 3162 303 3222 tutem
326 3144 527 3245 praeditum
548 3142 645 3217 nasci
657 3141 713 3239 1),
746 3143 902 3243 itemque
919 3169 991 3217 una
1006 3170 1088 3217 cum
1103 3144 1179 3243 ipsa
1197 3168 1282 3216 con-

189 3246 336 3324 scientia
351 3244 457 3337 recti,
489 3244 622 3345 quippe
637 3268 729 3343 quae
747 3269 819 3316 non
834 3244 898 3317 nffi
913 3244 1090 3343 gradatim
1105 3244 1282 3319 excolitur

190 3375 232 3424 ao
254 3348 391 3447 saepius
414 3345 572 3419 claritate
593 3360 628 3418 et
646 3346 686 3417 vi
707 3342 753 3415 ad
772 3360 909 3419 rectum
925 3344 1181 3445 honestumque
1197 3344 1282 3417 ubi-

189 3451 245 3526 vis
261 3449 397 3523 strenue
413 3446 628 3546 sequendum
643 3441 830 3518 neceffnria
843 3446 1055 3541 destituitur,
1071 3448 1170 3519 finni]
1185 3446 1282 3518 iner-

189 3553 278 3631 tiam
293 3547 457 3623 honestae
475 3548 666 3621 voluntatis
683 3561 718 3619 et
734 3546 847 3647 ipsam
866 3549 1131 3649 propenfionem
1150 3546 1176 3620 s.
1195 3572 1281 3647 pro-

191 3654 383 3729 clivitatem
403 3648 583 3749 quandam
602 3647 649 3725 ad
669 3648 889 3748 peccandum
903 3664 1073 3750 perpetuo
1087 3648 1201 3723 studio
1217 3674 1283 3749 op-

191 3752 414 3857 primendam
429 3752 469 3825 in
485 3765 601 3823 mente
620 3746 776 3823 hominis
794 3750 964 3849 cuiusque
988 3752 1154 3851 progigni
1175 3765 1281 3850 atque

191 3859 289 3932 ‹tmfi
312 3854 459 3929 insidere
477 3849 532 3950 ὗ),
566 3865 602 3923 et
624 3850 844 3950 experientia
866 3867 900 3925 et
922 3849 1096 3953 scripturn
1118 3851 1142 3925 f.
1166 3852 1278 3925 docet.

192 3887 348 4055 irtatth.
375 3967 432 4047 15,
456 3952 541 4052 19.)
596 3957 746 4028 Percure
765 3950 796 4049 c)
821 3969 938 4025 autern
961 3954 1113 4047 dicitur,
1145 3980 1193 4026 ex
1217 3951 1283 4024 usu

190 4060 298 4131 etiarn
320 4054 489 4157 loquendi
510 4051 647 4127 biblico
669 4052 714 4151 (1
733 4054 781 4125 10.
800 4068 834 4145 3,
852 4062 885 4127 4.
920 4053 988 4128 lac.
1007 4064 1041 4146 4,
1062 4055 1166 4154 tr),
1201 4055 1284 4153 qui-

81 4185 86 4196 ’
190 4184 332 4257 cunque
354 4159 475 4257 liiapte
498 4157 619 4257 sponte
643 4155 780 4228 avaris
802 4153 1091 4254 sanctiffimisque
1106 4157 1175 4230 Dei
1195 4156 1285 4256 legi-
