2792 4759
483 317 863 412 ‘Dtoedefia·'“·
931 321 994 368 s
1121 324 1197 402 aaa

94 487 346 566 bonnuessiui
357 485 507 586 debere,
529 487 621 564 nulli
633 491 878 592 praerogativa
892 487 1012 593 aliqua
1025 489 1194 589 conbusta,

95 617 163 667 nec
178 592 246 664 ulli
260 589 400 664 homini
417 590 622 695 potestatem
640 591 893 692 denegandam
902 591 968 667 else
975 649 986 688 ,
1011 593 1068 680 illi
1082 595 1195 678 eccle-

93 695 165 768 fiae
178 691 251 767 sese
266 693 503 793 adiungendi,
537 687 629 794 quae
650 695 769 780 minus
790 695 1010 795 quamaliae
1028 694 1196 800 supersti-

94 797 233 870 tionem
252 794 374 869 fovens
394 795 623 870 incitamenta
639 795 686 870 ad
701 799 823 870 veram
836 797 1009 898 pietatem¹
1020 813 1056 871 et
1067 786 1196 900 probi-

93 911 207 970 tatem
221 897 381 969 maxime
398 893 557 972 efficacia
578 919 663 972 cum
678 899 826 1000 puriore
841 897 1022 972 doctrinae
1040 894 1196 998 formula
1246 909 1249 914 '

94 999 289 1074 coniuncta
308 995 414 1073 sooiis
434 998 508 1072 suis
530 995 702 1073 exhibeat
721 997 769 1100 ὖ).
829 995 909 1092 Quo
937 1001 1051 1102 magis
1075 1005 1195 1082 autom

95 1099 246 1202 quaevis
258 1098 401 1176 ccclesia
419 1099 645 1200 particularis
658 1128 738 1173 vere
752 1103 955 1198 Christiana
975 1101 1195 1204 reipublicae

96 1199 235 1292 civilis,
266 1224 423 1300 quacum
444 1203 631 1277 coniuncta
651 1201 721 1298 aa,
752 1202 893 1302 legibus
911 1218 946 1276 et
962 1203 1194 1303 praesidibus,

95 1300 246 1374 simodo
260 1301 402 1402 legibus
422 1329 504 1378 rere
524 1303 658 1376 divinis
677 1301 775 1377 haud
791 1303 1019 1379 adversantur
1039 1301 1140 1403 (Act.
1158 1315 1194 1400 6,

100 1401 203 1500 22),
235 1401 474 1477 obedientiam
493 1403 687 1578 praestelsit
709 1407 856 1505 eiusque
877 1405 1029 1482 consiliis
1049 1405 1195 1512 respon-

95 1505 225 1601 debit,
271 1530 315 1578 eo
345 1507 460 1606 magis
520 1506 581 1580 uic
603 1506 664 1581 'rei
689 1505 830 1582 ublicae
863 1503 1021 1596 officium
1054 1531 1098 1594 ac
1130 1535 1196 1584 ne-

94 1603 233 1707 cessitas
260 1603 465 1701 incumbit,
500 1621 581 1681 tum
602 1533 762 1683 eccbfias
789 1609 829 1682 in
852 1609 928 1686 sinu
953 1607 1030 1684 eius
1051 1605 1194 1684 versan-

93 1722 176 1799 tes,
220 1733 312 1808 quae
339 1709 605 1784 conditionibus
634 1709 710 1788 illis
741 1709 988 1811 obtemperant
1002 1739 1022 1802 ‚·
1053 1709 1195 1811 aequali

93 1834 182 1884 oum
199 1806 347 1902 studio,
377 1809 516 1882 sublato
535 1813 635 1884 omni
657 1811 758 1883 civili
779 1809 954 1886 sectarum
968 1811 1194 1906 discrimine,

92 1910 240 1984 mandi
254 1907 306 2009 ι),
337 1911 587 2005 mmeaadem,
619 1913 680 1985 ria
702 1910 848 2012 quidem
871 1927 908 1986 et
927 1913 1064 1985 ratione
1084 1913 1196 1987 abiis

92 2013 181 2112 ipsu
193 2012 452 2106 constituenda,
473 2013 521 2089 etl
534 2013 698 2088 altiorem
711 2012 937 2113 perfectionis
951 2013 1195 2114 gradum-eu·-

93 2126 214 2187 tentee
223 2111 635 2189 efficaciteradinrandi
685 2113 834 2210 Diversa
875 2115 996 2189 uidem
1017 2129 1053 2188 et
1071 2116 1195 2220 reipu-

91 2213 215 2289 blicae
236 2231 273 2288 et
292 2215 456 2290 ecclesiae
477 2216 528 2289 esl
546 2217 659 2309 ratio,
684 2215 843 2288 diversus
850 2141 938 2288 tbnis
953 2215 1193 2319 proximant)

91 2316 121 2390 s
140 2321 390 2402 immediatum
419 2317 530 2390 altera
551 2318 686 2418 quippe
705 2315 755 2390 ea
774 2315 920 2392 societas
939 2311 1196 2392 hominum‘ats

94 2417 381 2518 consequendam
398 2416 621 2494 securitatem
640 2419 858 2518 salutemque
875 2431 1062 2492 externam
1081 2416 1196 2515 (adase

94 2518 267 2617 msa)
281 2519 346 2594 sub
360 2521 543 2597 communi
555 2520 675 2619 aliquo
690 2521 841 2619 inperio
855 2519 1057 2610 unitorum,
1073 2519 1195 2596 -altt'tra

93 2647 182 2694 rem
203 2621 352 2695 societas
373 2621 425 2695 est
445 2621 634 2695 hominum
654 2621 804 2694 eandem
823 2620 1006 2718 religionis
1022 2618 1200 2692 christia*

95 2747 166 2795 nae
179 2721 378 2795 ‘sommam
398 2723 641 2831 profitentium
661 2722 708 2794 aa
724 2720 872 2796 salutem
888 2723 1064 2794 internam
1082 2736 1195 2795 aetem

95 2847 253 2924 namque
272 2823 550 2926 promovendam
570 2823 769 2898 constituta.
827 2821 1196 2921 Quum‘autemsana

95 2925 224 3025 religio
240 2940 408 2999 externae
424 2949 567 3025 quoque
581 2926 717 2998 civium
730 2923 909 2998 felicitatis
925 2923 1059 3026 optima
1079 2925 1121 3003 lit
1139 2921 1195 2997 'al-

7 3023 9 3035 ’
95 3028 177 3101 trix
192 3041 226 3100 et
243 3023 381 3120 custos,
409 3027 587 3100 ecclesiam
602 3042 639 3102 et
654 3025 915 3128 rempublicam
933 3026 1121 3102 arctissimo
1137 3027 1196 3105 in·

95 3143 155 3201 ter·
167 3125 204 3200 se
218 3127 361 3202 vinculo
376 3129 568 3221 contineri,
594 3125 699 3201 facile
714 3127 933 3228 intelligitur.
985 3129 1063 3200 lmo
1081 3143 1119 3200 et
1137 3148 1197 3199 re-

96 3243 178 3304 otae
193 3229 341 3301 rationis
355 3245 392 3302 et
408 3229 590 3329 religionis
604 3227 823 3303 Christianae
843 3229 1040 3332 praeceptis
1062 3227 1195 3330 optime

97 3331 290 3406 convenire
310 3329 453 3404 ridetur
473 3355 515 3403 ea
536 3332 628 3405 ratio
650 3332 744 3405 inter
765 3329 944 3418 ecclesiam
970 3344 1075 3430 atque
1101 3350 1198 3404 rem-

98 3431 285 3534 publicam
312 3431 552 3524 intercedens,
589 3429 782 3507 lecundum
834 3455 917 3506 uam
942 3443 1093 3537 utraque
1120 3433 1199 3513 e'os-

97 3535 181 3610 <tem
194 3537 358 3629 fumosos
379 3534 468 3606 fines
488 3533 556 3606 fibi
575 3457 849 3634 propositosesse
868 3533 1050 3626 iudicans,
1075 3560 1198 3610 veram

101 3638 264 3710 omnium
276 3636 412 3709 civium
425 3635 595 3708 virtutem
611 3650 719 3735 atque
731 3634 877 3707 salutem
892 3632 934 3732 (1
946 3635 1044 3708 Tim.
1056 3651 1097 3726 ¹2,
1115 3649 1197 3710 2·—

103 3747 139 3812 6.
168 3744 203 3827 s,
220 3734 295 3833 8.),
329 3735 557 3809 salvatamen
574 3735 807 3810 conscientiae
826 3735 990 3810 libertate
1005 3735 1056 3835 ⁶),
1083 3737 1197 3809 amice

100 3839 235 3911 iunctis
256 3837 395 3916 viribus
416 3833 555 3910 efficere
576 3837 691 3910 studet
709 3835 762 3935 s).
819 3837 988 3940 Inprimis
1010 3837 1129 3910 au't'em
1143 3831 1196 3930 ii,

100 3939 166 4042 qui
188 3938 243 4012 vel
264 3941 465 4030 civitatem,
498 3937 555 4011 rel
577 3938 756 4013 ecclesiam
778 3954 923 4038 regunt,
954 3935 1017 4012 suo
1039 3935 1199 4037 ipsorum

99 4041 267 4157 exemplo
296 4067 418 4116 veram
440 4043 609 4126 ¹virtutem
633 4041 912 4140 religionemque
937 4036 1197 4133 commendant,

102 4140 234 4223 necesle
253 4141 314 4219 est.
433 4219 444 4228 ,
