2792 4759
208 346 283 415 m
365 364 369 371 ·
479 340 575 412 ran
597 338 649 409 rt.
698 338 787 431 cap.
809 340 862 411 η.
911 332 1031 435 teo.

273 508 324 563 der
335 506 618 579 Hmmstrnttger,
643 506 717 561 anob
731 508 776 561 bet·
793 508 983 577 gestiebam
994 508 1095 579 fm'aen
1111 512 1318 585 Hondlungm

274 592 371 660 uiolet,
392 594 448 645 und
462 592 524 661 also
537 593 617 647 nicto
631 595 681 646 der
693 595 771 646 Alles
787 592 936 662 Wiffeude,
955 596 1036 647 nicto
1049 596 1245 665 derRegimr
1260 603 1317 653 der

280 676 372 744 Waelt,
398 693 444 727 um
459 676 661 746 zubelolrnen,
686 676 1129 748 nichlderllicltterderfaelbm,
1155 702 1250 736 umzu
1265 688 1317 738 bo·

267 762 403 833 jlrasen5
421 761 504 828 ture,
523 761 604 813 niobe
616 760 695 815 Gott.
733 764 776 814 Er
788 762 854 813 aber
866 760 984 830 bonnet,
1003 780 1064 813 mar
1077 765 1225 834 erscltufr
1251 772 1315 821 und

272 864 324 899 ror
336 847 395 898 ihm
403 845 495 915 jleltt,
513 844 544 897 in
555 845 648 916 joelem
659 845 847 913 Angenbliclt,
865 846 911 897 die
922 847 1075 913 ‘domme
1087 848 1312 907 Unmdlt'cflet't

274 931 324 985 du
335 928 539 1000 qu'clteffmm
553 930 591 981 do
605 946 660 983 von
673 930 818 998 Ewiglteit
831 947 865 981 zu
877 931 1060 998 Eminuit-’⁹

693 1131 727 1231 §.
757 1150 819 1211 ee.

597 1279 801 1351 Sapientia
826 1280 909 1336 Dei.

305 1426 384 1507 Hac
399 1428 629 1529 intelligentia
644 1430 712 1501 Dei
726 1426 975 1529 perfectissima
991 1427 1194 1505 continetur
1206 1433 1303 1507 eins-

204 1530 478 1631 demsapientio
492 1530 517 1605 s.
532 1556 574 1605 eu
586 1532 718 1623 virtus,
743 1555 816 1631 qua
831 1530 982 1603 consiliis
996 1530 1187 1605 desummo
1200 1533 1300 1607 bono

204 1636 341 1735 ubique
352 1632 537 1709 efficiendo
552 1632 811 1733 perfectissimis
825 1631 1041 1707 adminicula
1053 1630 1198 1733 adhibet
1209 1660 1295 1734 per-
1310 1702 1315 1714 ,

203 1737 388 1811 lectissime
411 1738 435 1809 i.
453 1761 483 1808 e.
510 1735 575 1807 fini
596 1734 782 1833 aptissima.
840 1734 945 1808 Hanc
964 1734 1076 1807 divini
1097 1734 1294 1809 intellectus

202 1840 391 1927 virtutem,
426 1860 497 1937 qna
518 1834 618 1907 simul
638 1835 831 1908 voluntatis
844 1836 988 1909 divinae
1008 1850 1103 1909 certo
1121 1837 1297 1935 quaedam

203 1934 344 2011 affectio
361 1934 689 2039 comprehenditur,
723 1962 795 2009 non
810 1940 1039 2036 succqffivom
1058 1933 1124 2011 elle
1144 1938 1201 2010 rel
1221 1946 1297 2010 dis-

204 2042 375 2134 curfivom
391 2036 429 2111 h.
443 2065 473 2113 e.
492 2036 746 2113 deliberatione
768 2039 924 2139 quadam
944 2054 1122 2139 egentem,
1156 2038 1215 2113 sed
1237 2048 1298 2112 cli-

198 2158 336 2215 rectam
357 2156 393 2215 et
418 2146 643 2227 intuitivam,
679 2137 718 2213 h.
740 2166 771 2215 e.
798 2168 870 2218 utto
894 2142 1046 2242 simplici
1076 2140 1297 2242 intelligendi

200 2258 285 2317 notu
300 2243 419 2316 omnia
434 2240 535 2315 lrmul
550 2240 891 2345 adprehendentem,
924 2270 945 2317 e
962 2244 1177 2342 cognitionis
1192 2242 1297 2319 eblo-

201 2344 275 2421 tute
293 2346 467 2447 perfectae
486 2343 606 2417 indole
626 2343 852 2519 consegnitur
866 2343 913 2444 ⁶).
965 2345 1142 2419 Probatur
1156 2344 1296 2447 sepiem

200 2448 252 2521 tin
268 2448 338 2521 Dei
356 2472 403 2520 ex
422 2446 618 2520 innumeris
633 2447 710 2519 eius
752 2448 948 2519 ocumentis
968 2446 1006 2519 in
1029 2447 1153 2521 ordine
1173 2474 1296 2523 rerum

200 2548 346 2653 physico
369 2574 411 2623 ac
433 2550 561 2621 morali
583 2547 782 2649 conspicuis
802 2543 856 2646 (§
876 2546 957 2646 55.)
986 2546 1177 2649 (sapientia
1198 2557 1296 2622 tecle*

200 2658 282 2724 nico
304 2668 339 2725 et
361 2650 494 2749 ethica)
512 2649 566 2749 l),
599 2650 733 2751 quibua
753 2648 799 2721 ud
818 2674 898 2725 eum
918 2649 1131 2725 adducimur
1148 2652 1294 2751 persua-

198 2754 349 2846 sionem,
374 2753 581 2853 ubicunque
598 2765 752 2845 nosmet,
778 2751 977 2825 arctissimis
991 2754 1119 2825 mentis
1136 2767 1173 2826 et
1188 2769 1294 2827 natu-

119 2846 127 2869 *
198 2877 259 2929 rae
273 2855 406 2927 finibus
421 2852 697 2954 circumscripti,
722 2852 758 2925 la
785 2852 912 2927 ientiae
931 2852 1028 2925 illius
1047 2853 1192 2953 vestigia
1211 2856 1295 2929 sru-

198 2955 270 3031 stru
286 2956 506 3056 quaerimus,
533 2981 574 3027 ea
589 2982 671 3029 vere
686 2954 732 3028 ad
778 2983 816 3048 e,
842 2956 976 3027 etiamsi
992 2979 1064 3027 non
1080 2956 1145 3027 nili
1159 2956 1200 3027 in
1215 2958 1292 3030 ritu

197 3058 318 3131 futura
335 3056 473 3130 anobis
488 3057 669 3156 cognitum
684 3057 732 3129 iri
746 3055 941 3131 verosimile
962 3055 1013 3128 fit.
1064 3056 1146 3128 Non
1166 3055 1292 3133 desunt

197 3156 467 3233 luculentiffima
488 3156 596 3230 huius
618 3159 762 3231 virtutis
776 3160 852 3231 Deo
865 3157 1022 3231 tributae
1036 3156 1235 3231 testimonia
1249 3161 1292 3234 in

196 3260 338 3334 serioris
359 3260 576 3361 potissimum
597 3260 720 3333 aetatis
741 3260 845 3333 libris
861 3256 898 3333 ls.
920 3259 1045 3352 obvia,
1078 3286 1193 3359 quum
1214 3262 1290 3334 He-

195 3358 297 3439 braei
319 3362 554 3461 antiquiores,
588 3389 636 3435 ex
656 3388 755 3435 more
777 3362 902 3463 populi
922 3362 1094 3463 cuiusque
1119 3362 1289 3456 rudioris,

194 3464 309 3565 magis
323 3463 369 3535 od
384 3462 557 3537 lunnnam
570 3464 639 3537 Dei
654 3464 730 3537 vim
746 3479 852 3564 atque
867 3462 1080 3557 efficaciam,
1112 3490 1222 3565 quam
1241 3465 1290 3537 ad

193 3564 402 3667 sapientiam
418 3566 494 3639 eius
507 3564 765 3667 explorandum
777 3566 911 3669 promti
923 3566 1056 3638 suerint
1069 3561 1123 3664 (§.
1137 3574 1197 3643 te.
1216 3565 1287 3665 o.).

192 3668 248 3742 Cf.
266 3666 415 3760 Ps.104,
434 3668 530 3743 241Ιὶ
557 3666 822 3759 1212221211.
853 3682 911 3760 as,
929 3666 1026 3742 2211.
1051 3669 1156 3741 Prov.
1173 3684 1208 3760 s,
1228 3685 1287 3747 1⁹.
1312 3662 1323 3676 ’

196 3786 255 3849 2ο.
285 3784 318 3863 e,
336 3769 433 3846 2211.
461 3770 563 3844 Rom.
582 3786 639 3863 11,
657 3786 702 3846 ss
718 3768 755 3841 ss'.
787 3784 843 3862 16,
861 3784 920 3845 27.
948 3769 1022 3843 Col.
1041 3786 1075 3863 2,
1092 3785 1125 3846 s.
1158 3772 1285 3846 1Tim.

197 3888 306 3965 1,17.
338 3874 407 3947 luc.
428 3886 460 3963 1,
481 3883 514 3947 5.
574 3872 771 3973 Scriptores
795 3874 838 3944 N.
857 3872 903 3943 T.
928 3872 968 3943 iu
990 3872 1210 3947 celebrandis
1230 3874 1287 3946 so-

192 3978 345 4075 pientioe
376 3974 544 4049 laudibus
576 3974 754 4049 interdum
786 3972 826 4045 id
858 3988 968 4073 agunt
980 4030 990 4064 ,
1031 3989 1072 4047 ut
1103 3974 1288 4073 religionis

192 4074 409 4150 Christianae
435 4077 691 4151 institutionem
716 4092 885 4175 tanquam
913 4076 1071 4149 sunmrae
1094 4075 1287 4175 supientiae

190 4179 304 4252 unrori
328 4180 627 4253 coniunctillmme
650 4178 901 4276 documentum
925 4184 1176 4265 (oeconomiam
1194 4206 1287 4272 gro-
