2792 4759
91 351 150 421 De
165 294 394 424 adminiculis
403 340 549 435 salutis·
553 363 620 434 per
636 337 813 435 christum
828 336 1095 434 consequendae.
1122 342 1195 419 499

87 521 277 615 deductis,
321 516 530 591 confirmare
555 511 775 587 studuemnt.
838 511 1089 590 Controrcrfiis
1118 509 1194 588 itti·

89 623 195 696 obitu
216 619 369 694 Lutheri
390 617 552 690 noudum
572 615 741 708 sublatis,
776 615 983 711 Calviui,
1019 613 1194 700 sommia-

87 753 172 804 rum
188 748 361 805 uovarum
377 735 412 793 et
428 718 678 818 ambiguarum
697 717 848 792 artificio
864 717 1052 795 sententias
1068 717 1194 790 Zwiu·

86 828 205 928 gliiet
219 823 372 898 Lutheri
387 823 583 894 contrarias
597 820 863 920 coniungentis‚
890 819 1052 906 doctriua
1062 819 1106 901 ¹iu
1121 819 1193 892 Re·

84 933 324 1002 formatorem
348 923 491 997 ecclelia
522 921 697 996 summam
729 935 832 996 nacta
858 918 908 994 est
932 921 1192 1016 auctoritatem,

86 1033 159 1123 ita,
199 1029 308 1103 utin
338 1051 459 1100 omues
489 1019 599 1096 huius
622 1023 784 1096 ecclesiae
815 1021 985 1098 formulas
1015 1022 1191 1124 publicas,

86 1131 214 1232 paucis
226 1127 289 1203 bic
302 1129 376 1203 illic
390 1125 554 1216 mutatis,
577 1125 806 1226 reciperetur.
855 1127 1068 1201 Decreverat
1082 1128 1190 1222 euim,

88 1259 219 1333 corpus
235 1246 271 1304 et
285 1230 493 1330 sauguinem
512 1224 646 1300 Christi
665 1226 705 1300 iu
726 1225 879 1302 coenas.
900 1254 974 1302 uon
997 1227 1062 1302 nisi
1082 1231 1191 1304 modo

90 1335 248 1435 quodam
258 1335 454 1429 spirituali
475 1354 558 1402 vere
578 1323 691 1402 adesse
712 1342 819 1428 atqua
839 1325 1027 1422 exhiberi,
1054 1331 1123 1424 ita,
1150 1349 1191 1407 ut

89 1463 176 1510 cum
188 1461 278 1536 pane
292 1450 327 1508 et
341 1435 446 1525 vino,
478 1447 651 1530 tauquam
668 1431 778 1504 meris
795 1431 919 1528 siguis,
930 1469 937 1491 ν
951 1457 1007 1505 res
1023 1432 1189 1530 signatae,

87 1565 163 1614 uon
184 1565 249 1638 per
268 1537 364 1636 signa
385 1559 428 1608 ea
448 1533 562 1624 nuda,
594 1557 711 1632 neque
726 1557 793 1633 per
806 1533 982 1608 internam
998 1532 1190 1609 elemento-

86 1667 171 1714 rum
192 1641 388 1730 rationem,
427 1633 731 1736 quemadmodum
749 1629 929 1708 Lutlterus
955 1632 1090 1729 voluit,
1128 1636 1191 1714 sed

167 1742 376 1842 [iugularem
390 1737 535 1840 spiritus
548 1734 575 1808 s.
590 1737 834 1836 operationem
848 1749 884 1810 et
897 1736 1007 1812 solam
1020 1737 1191 1838 spiritua-

86 1769 160 1917 iiiii
175 1843 482 1916 manducationem
497 1863 581 1912 cum
594 1836 678 1910 solis
692 1835 902 1910 hominibus
919 1837 1039 1914 electis
1056 1855 1093 1913 et
1111 1868 1188 1916 cre-

87 1945 256 2018 dentibus
272 1971 312 2016 re
326 1967 410 2016 vera
426 1939 733 2016 communicentur
745 1935 793 2036 3).
846 1938 1005 2016 Tantum
1018 1965 1103 2016 vero
1122 1945 1188 2018 ab·

87 2048 179 2140 suit,
211 2063 254 2118 ut
272 2046 411 2120 Calvini
429 2039 582 2116 formida
602 2038 784 2114 diffidium
806 2038 988 2117 funestum
1002 2044 1097 2117 iuter
1116 2045 1198 2120 Re-.

86 2149 259 2222 formatos
279 2163 314 2222 et
330 2143 555 2222 Lutheranos
572 2155 741 2216 exortum
761 2141 1028 2244 comprimeret,
1061 2161 1103 2220 ut
1122 2173 1188 2220 uo-

84 2276 151 2324 ras
177 2265 318 2350 pareret
343 2247 616 2348 disceptationes
628 2299 640 2337 ‚
680 2244 848 2346 inprimis
877 2241 956 2320 sites
981 2251 1188 2342 Cryptocul·

85 2358 287 2450 vinzflicas,
324 2347 392 2424 sec.
413 2349 504 2422 XVI
531 2360 684 2420 exeunte
712 2344 902 2419 crudeliter
929 2348 1186 2450 oppretttst),

85 2470 126 2529 et
148 2471 188 2528 ut
210 2451 433 2526 finitionibus
456 2449 551 2543 istis,
585 2471 675 2548 quas
698 2445 865 2520 Formula
886 2445 993 2522 Gouc.
1018 2453 1187 2549 continet,

86 2554 306 2630 antitheticis
321 2569 356 2627 et
371 2551 619 2626 subtilioribus
632 2549 809 2648 originem
822 2547 1027 2650 praeberet,
1054 2552 1188 2652 quibus

86 2655 255 2732 dissensus
270 2660 364 2730 iuter
379 2669 567 2753 atrumque
581 2648 762 2727 ecclesiam
776 2649 867 2724 male
881 2649 1002 2726 sedulo
1017 2678 1101 2728 cum
1113 2654 1188 2731 stu-

86 2761 149 2833 dio
163 2759 315 2833 subinde
333 2757 560 2832 confirmatus
573 2751 635 2829 est.
675 2752 819 2826 Praeter
831 2751 1069 2848 fleternam,
1095 2779 1189 2857 quo-

86 2889 172 2938 rum
189 2861 339 2962 plurimi
357 2859 483 2932 sensim
503 2856 550 2930 ad
570 2853 745 2953 Zwiuglii
763 2853 972 2928 senteutiam
991 2856 1187 2955 redierunt,

87 2963 230 3038 etesiae
244 2959 527 3036 Christianorum
542 2957 719 3048 familiae,
743 2959 1016 3054 Anabaptistae,
1041 2967 1189 3034 Manno.

87 3073 188 3139 nitae
198 3063 249 3161 ¹),
274 3067 456 3135 contutant
470 3075 506 3134 ct
519 3063 728 3134 Arminiani
742 3058 778 3158 s)
797 3073 831 3132 et
845 3076 985 3162 praeter
1002 3061 1089 3138 alios
1104 3063 1189 3158 My-

85 3169 195 3243 sticos
211 3169 364 3254 Qualem
377 3162 407 3262 ¹)
426 3163 473 3237 ab
489 3163 651 3238 ecclesiae
666 3159 891 3236 butherauae
906 3163 1060 3239 formula
1075 3165 1189 3239 reces-

86 3271 229 3358 seruut3
255 3291 369 3367 neque
378 3265 570 3340 recentiori
583 3263 801 3366 potissimum
814 3278 971 3364 tempore
986 3267 1081 3344 iuter
1093 3267 1188 3368 ipsos

87 3367 243 3445 Lutheri
255 3367 441 3444 sectatores
456 3367 663 3458 defuerunt,
697 3365 765 3464 qui
786 3363 832 3438 ad
852 3366 1103 3466 simpliciorem
1117 3371 1190 3443 Re-

87 3474 323 3547 formatorem
343 3469 553 3546 seutentiam
573 3466 777 3542 accedentes
794 3463 856 3564 ⁰¹),
891 3467 949 3542 vel
971 3467 1082 3545 solam
1097 3475 1191 3568 fub-

89 3581 254 3647 incttvam
267 3589 303 3647 et
317 3571 490 3647 moralem
503 3567 651 3671 quidem
662 3569 831 3644 coenses.
846 3566 1043 3648 effictum
1055 3572 1094 3674 ⁸)
1101 3629 1112 3667 ,
1133 3575 1190 3648 vel

88 3681 315 3764 chiantim,
347 3700 370 3747 a
390 3673 589 3775 praeseutia
608 3672 770 3772 corporis
790 3685 827 3746 at
845 3669 1028 3774 sauguinis
1049 3691 1112 3748 aut
1134 3689 1190 3748 to·

87 3781 163 3852 tius
178 3778 345 3880 personae
361 3776 438 3849 lesu
451 3773 586 3849 Christi
602 3779 786 3868 operativa
808 3777 967 3848 maxime
987 3777 1188 3876 repetitam,

86 3881 280 3956 statuerent
294 3879 342 3978 ⁴).
394 3878 559 3951 Ceterum
579 3876 671 3952 ritus
692 3876 748 3949 illi
766 3873 846 3949 usui
866 3867 892 3951 s.
915 3900 1045 3950 coenae
1066 3875 1191 3952 sensim

87 3985 220 4059 adiecti
231 3981 445 4056 asacrorum
459 3975 748 4053 emendatoribus
760 3980 894 4081 partim
907 3977 1092 4076 abrogati,
1105 4005 1191 4080 par·

86 4087 155 4160 tim
169 4085 302 4158 seruati
314 4082 373 4156 ves
384 4081 570 4156 immutati
587 4077 670 4154 lunt
684 4078 736 4178 Ρ).
788 4080 847 4156 Ad
868 4077 1078 4180 posteriores
1100 4083 1192 4156 resc-

84 4187 198 4262 reuda
211 4185 264 4264 est
278 4183 445 4262 confessio
459 4183 618 4286 privata,
644 4205 740 4356 quati
747 4238 761 4299 ζ
784 4183 942 4282 primum
957 4181 1104 4281 (puidam
1116 4184 1193 4262 iam

749 4310 762 4356 1
790 4299 812 4360 2
