2792 4759
150 302 154 310 ’
198 313 203 320 ’
230 326 287 395 De
291 321 401 422 sorte
410 321 591 404 staminum
600 321 682 415 post
696 332 843 392 mortem
859 318 1104 416 exspectando·
1139 330 1212 402 stt
1389 371 1391 382 .

654 528 767 594 197.·

118 735 122 742 ,
310 512 616 751 'Historiis
664 658 967 747 dogmatici
1248 755 1250 758 Ι

225 806 402 908 Imagines
428 804 585 882 biblicae
611 803 657 879 de
681 771 824 882 Christo
849 805 978 881 iudicii
1004 787 1212 884 instituendi
1298 891 1300 896 ,

113 906 220 986 cansa
241 909 465 1012 epparituro,
500 907 710 1008 cogitationi
723 907 898 982 'viridiori
921 912 957 982 et
977 908 1125 1009 ingenio
1143 909 1212 984 ho-

112 1012 255 1087 minum
272 1011 503 1086 inctdtiorum
520 1008 896 1086 accommodatissimas
904 1065 916 1104 ,
945 1008 1128 1185 pnerisque
1143 1014 1211 1086 Pa-

112 1113 252 1208 tribus,
287 1136 441 1213 quorum
461 1109 562 1186 haud
584 1112 703 1214 pauci,
716 1109 896 1212 duplicem
918 1109 946 1185 G
991 1110 1050 1186 isti
1078 1113 1211 1188 adven-

110 1229 211 1309 tum,
235 1211 338 1288 simul
349 1239 433 1288 vero
446 1211 584 1313 duplex
596 1214 673 1288 eius
688 1212 884 1308 iudicium,
909 1212 1211 1296 unledaeorum

111 1317 190 1392 iam
209 1331 412 1418 peractum,
443 1330 522 1388 tum
540 1315 702 1388 omnium
718 1311 907 1388 hominum
930 1313 1017 1388 olim
1038 1341 1211 1392 exercen÷
1329 1381 1333 1390 .

109 1417 220 1512 dum,
244 1416 501 1508 distinxeram,
526 1413 752 1516 ettheologis
765 1415 958 1490 serioribus
971 1415 1059 1518 adeo
1074 1419 1223 1519 proba-v

109 1534 169 1594 tae
183 1519 347 1614 suerunt,
370 1519 464 1593 utin
477 1518 593 1590 forma
606 1515 717 1591 huius
729 1515 857 1592 iudicii
871 1516 993 1592 sunna
1008 1522 1210 1598 accurafius
1328 1523 1331 1530 '

108 1617 313 1696 delinienda
336 1631 372 1694 et
393 1616 613 1722 splendidius
634 1613 884 1714 describenda,
917 1619 1108 1696 vanissimo·
1125 1624 1211 1725 qui-

48 1783 54 1793 .
108 1718 193 1798 dem
207 1733 356 1817 conatu,
376 1719 552 1796 stammam
565 1719 779 1805 collocarent
792 1747 948 1822 operam.
989 1720 1211 1823 Origenes

107 1839 299 1900 tantumet
314 1822 479 1924 quicum
497 1821 610 1918 secuti
629 1822 727 1916 sunt,
759 1823 933 1924 imagines
947 1822 1048 1919 isles,
1075 1825 1210 1926 quibus

105 1923 274 2028 splendor
295 1921 424 2002 iudicii
444 1923 543 1998 illius
563 1925 605 2001 in
626 1921 731 2023 libris
750 1919 788 1999 11.
812 1940 1004 2001 exornetur
1025 1925 1096 2022 est,
1134 1955 1210 2004 non

136 2027 256 2130 roprie
277 2025 340 2100 sed
361 2025 550 2127 allegorice
575 2023 807 2126 explicandas
832 2021 898 2100 8118
924 2026 1085 2128 opinati,
1120 2027 1210 2105 Chi-

105 2053 237 2204 liasmo
250 2128 400 2222 reiecto,
430 2128 539 2230 paulo
559 2125 717 2202 saniores
736 2127 780 2201 de
802 2129 1032 2204 renovatione
1050 2129 1209 2231 quadam

105 2229 237 2307 mundi
255 2244 294 2304 et
312 2227 406 2304 sorte
426 2231 571 2331 piorum
590 2244 626 2304 et
647 2230 844 2330 impiorum
862 2229 1052 2304 sententias
1070 2233 1111 2304 in
1131 2257 1209 2308 me·

104 2333 209 2407 dium
225 2331 461 2435 protulertmt.
513 2332 679 2406 Ceterum
697 2331 742 2404 de
759 2330 832 2403 fine
851 2331 979 2406 mundi
994 2345 1029 2405 et
1044 2331 1209 2410 consum·-

104 2435 262 2510 matione
274 2433 401 2528 seculi,
422 2432 467 2507 de
479 2431 699 2507 restitutione
713 2457 835 2508 rerum
847 2433 1009 2508 omnium
1022 2429 1209 2530 (dessera-

103 2533 233 2636 πέσω)
247 2533 302 2635 ⁶),
334 2531 479 2611 deloco
501 2535 592 2610 coeli
613 2549 721 2636 atque
740 2533 891 2628 inferni,
918 2533 963 2608 de
979 2535 1208 2612 damnatione

102 2636 349 2731 ethnicorum,
381 2635 427 2711 de
444 2637 577 2711 visione
592 2637 662 2712 Dei
682 2635 849 2714 beatifice
863 2634 899 2736 ⁵)
922 2636 1074 2738 aliisque
1096 2637 1207 2714 rebus

102 2737 177 2816 huc
185 2738 428 2917 {ffimfflm
437 2741 537 2815 varie
548 2739 693 2813 diversis
704 2738 927 2840 temporibus
937 2739 1138 2814 iudicatum
1152 2756 1207 2816 at·-
1254 2762 1259 2771 ·

155 2869 176 2917 e

102 2869 199 3032 illm
211 2942 321 3018 huius
335 2941 517 3018 doctrinae
530 2943 703 3037 formula,
724 2943 891 3043 usquein
903 2939 1007 3017 libris
1018 2939 1056 3018 11.
1071 2970 1207 3046 propo-

102 3047 186 3140 sita,
209 3042 308 3120 haud
321 3045 414 3120 bene
430 3045 627 3138 intellecta,
660 3044 792 3145 dogma
814 3043 905 3118 illud
925 3071 998 3118 non
1020 3045 1068 3118 alr
1088 3047 1207 3120 omni-

101 3146 172 3222 hus
195 3147 404 3223 commentis
425 3148 560 3222 rationi
581 3145 865 3248 repugnantibus
891 3144 1123 3247 purgassent,
1149 3174 1207 3222 re-
1254 3195 1256 3204 ‚

101 3250 255 3325 certiori
274 3249 419 3322 demum
439 3250 550 3322 aetati
569 3250 736 3324 relictum
755 3247 843 3341 fuit,
877 3274 1020 3322 omnem
1035 3247 1134 3324 hune
1149 3251 1208 3326 lo«

100 3377 204 3446 cum,
228 3352 354 3454 paucis
369 3365 510 3426 tantum
523 3349 831 3452 improbantibus,
857 3350 969 3424 iustae
991 3352 1206 3453 interprete-

97 3455 210 3553 tiouis
230 3465 266 3528 et
288 3451 537 3554 philosophiae
558 3453 639 3528 luce
662 3450 878 3527 collustrare.
936 3451 1062 3553 Neque
1085 3469 1207 3533 tamen

98 3555 144 3630 de
159 3555 393 3630 diuturnitate
413 3580 612 3655 poenarum
632 3553 881 3646 infernalium,
914 3553 959 3630 de
977 3555 1113 3656 quibus
1129 3559 1206 3634 iam

98 3659 274 3734 maturius
292 3657 514 3758 disputatum
529 3657 619 3750 filit,
650 3653 810 3756 theologi
824 3657 1040 3734 recentiores
1057 3660 1203 3732 omnino

98 3757 341 3853 consentiunt,
383 3741 464 3835 aliis
490 3773 633 3834 aeterna
659 3759 858 3860 impiorum
884 3757 1080 3859 supplicia,
1122 3760 1210 3834 8Ιῶ

97 3885 231 3964 poenas
252 3861 522 3955 damnatorum,
563 3887 678 3963 quum
706 3861 742 3934 l'e
771 3861 818 3934 od
846 3860 1033 3934 meliorem
1060 3860 1203 3961 liugom

97 3962 321 4062 receperint,
365 3963 483 4036 finitas
511 3962 569 4038 vel
596 3962 720 4037 saltem
751 3963 932 4062 mitigatas
948 3981 949 3984 ’
965 3962 1203 4038 statuentibus

99 4063 252 4167 (poenes
273 4065 332 4140 881
353 4067 528 4162 obsolute,
570 4065 628 4142 881
648 4070 869 4162 hypothetice
893 4065 952 4140 881
972 4069 1119 4139 relative
1140 4091 1210 4154 88-,Ι

96 4163 233 4268 temes)
251 4165 319 4268 ὓ..
674 4280 676 4285 Ι
755 4219 790 4345 -0

800 4295 823 4343 o

247 2855 428 2944 ceptatum
442 2840 503 2916 est.
536 2840 659 2936 Quum
672 2840 854 2916 sacrorum
867 2841 1121 2935 emendatores,
1136 2869 1208 2944 pu·
1356 2851 1360 2862 ·
