2792 4759
496 360 567 470 'De
590 402 789 493 Religione.
1163 396 1198 474 '5

96 572 291 665 facultate,
334 570 500 672 quemvis
528 570 691 647 sensuum
722 598 764 647 oc
792 556 999 676 phontosrue
1024 572 1200 648 illecebris

98 674 235 777 lnepins
252 690 440 773 corrupte,
465 674 555 767 niti,
588 700 658 775 quo
674 674 806 767 homo,
835 676 972 747 ratione
988 691 1023 748 et
1037 675 1199 750 libertate

99 776 226 851 morali
248 774 450 877 praediun,
485 774 591 877 l'uper
616 804 738 851 rerum
765 790 994 849 externorum
1018 777 1200 878 totiusque

99 879 225 956 mundi
246 876 397 951 vilibil'ns
420 875 602 970 ordinem,
638 883 803 973 trumonis
824 893 859 949 et
874 881 998 971 spatii
1020 878 1199 952 limitibus

97 980 327 1072 adstrictum,
359 978 429 1053 l'ele
454 980 600 1053 attollet.
660 982 812 1055 Animus
832 980 928 1052 enim
947 978 1126 1053 humanus
1149 981 1198 1053 itu

98 1096 324 1182 comparatus
348 1078 420 1173 est,
460 1095 595 1154 utnon
617 1082 724 1156 modo
742 1082 918 1177 sensuum
943 1097 978 1157 et
1004 1087 1198 1155 intellectae

97 1210 167 1285 ope
181 1208 302 1255 rerum
315 1196 544 1255 externorum
555 1183 763 1283 legumque,
789 1181 921 1281 quilius
936 1210 1055 1257 rerum
1071 1200 1199 1258 notmu

97 1286 258 1385 regitur,
283 1284 519 1383 cognitionem
540 1284 607 1356 lilii
631 1286 812 1385 acquiret,
843 1282 938 1355 unde
961 1286 1134 1385 persuasio
1156 1312 1197 1358 en

101 1388 144 1459 in
164 1386 280 1459 animo
296 1382 468 1477 efficitur,
500 1410 592 1486 quoe
606 1390 764 1482 seientia
786 1392 867 1477 (din
882 1389 940 1457 W
937 1389 1043 1483 iffrn)
1063 1387 1120 1459 vel
1139 1394 1199 1459 ln·-

93 1493 229 1585 ston'ea
256 1485 313 1560 vel
341 1492 593 1559 mathematico
621 1490 677 1563 vel
700 1490 950 1583 philosophico
983 1490 1197 1582 nominatur,

98 1590 159 1663 l'etl
174 1590 283 1662 etiam
303 1594 453 1661 rationis
468 1586 500 1681 ⁵)
522 1588 740 1690 potilfimum
755 1592 813 1683 vi,
840 1595 1033 1662 intellector
1052 1590 1200 1690 quidem

99 1704 134 1765 et
148 1694 328 1787 scientiae
346 1690 486 1791 legibus
509 1691 694 1767 adstrictae
712 1693 763 1784 θ),
803 1691 967 1765 edidere
989 1692 1057 1764 tint
1086 1692 1205 1765 infun.

98 1794 247 1867 mandas
269 1791 440 1866 escendat.
498 1794 660 1867 Rationis
682 1795 778 1867 enim
799 1791 993 1886 humanae,
1027 1818 1118 1894 quoe
1141 1793 1199 1867 in-

99 1894 275 1986 tellectui,
315 1889 353 1967 h.
376 1920 406 1967 e.
431 1894 592 1991 facultati
605 1896 821 1970 relationem
848 1921 1054 1995 nexumque
1077 1920 1199 1971 rerum

99 1994 355 2098 cognoscendi,
389 1996 511 2069 iuncte
531 1996 631 2069 lenln
654 1998 773 2070 latiori
795 1998 928 2071 dicitur
941 2000 1115 2092 suprema
1136 2022 1199 2071 eo-

97 2097 293 2197 gnoscendi
311 2099 367 2171 vis
391 2104 473 2185 (doe
495 2101 621 2195 oberste
642 2103 1070 2194 Erkenntnisevermo'gen)
1094 2098 1119 2171 l'.
1142 2098 1199 2171 loz

96 2199 211 2275 cultas
233 2226 360 2272 verum
384 2200 616 2301 cognoscendi
639 2201 986 2290 rotiocinondoi(ouo
1001 2205 1197 2288 Grrinden),

96 2300 219 2375 stricte
241 2302 287 2375 tic
308 2300 423 2375 dictae
446 2304 633 2404 proprirmr
656 2302 726 2392 elt,
758 2304 875 2397 ideas,
917 2306 1082 2403 inprimis
1106 2325 1198 2401 quoe

101 2402 152 2473 ed
170 2404 377 2501 religionem
397 2420 433 2477 et
454 2407 624 2477 virtutem
644 2408 841 2505 pertinent,
866 2408 1052 2505 concipere
1065 2403 1199 2475 veritu-
1298 2472 1303 2484 ,

102 2518 248 2600 temque
269 2527 387 2577 eorum
405 2521 440 2579 et
460 2508 670 2606 investigere
691 2522 726 2578 et
745 2507 930 2579 illul‘trere.
990 2504 1093 2578 Unde
1115 2526 1199 2603 per-

98 2603 215 2677 luefio
236 2628 277 2676 ee
298 2606 447 2679 nat'cirur
475 2608 519 2681 de
546 2608 709 2681 idearmn
737 2607 783 2679 ud
808 2606 1017 2705 religionem
1038 2604 1199 2703 specten-

97 2706 194 2779 tium
224 2708 393 2800 veritate,
432 2735 523 2811 quae
548 2712 645 2803 fider
673 2709 768 2782 dicta
798 2709 968 2803 religioso
999 2709 1197 2789 rationalis,

96 2800 216 2881 lenius
237 2809 385 2909 quidam
408 2810 458 2885 el't
481 2812 690 2885 necellitotis
712 2812 865 2903 (Gefiild
886 2817 949 2883 der
966 2813 1199 2902 Noctiguag)

95 2936 180 2983 cum
202 2926 299 2985 recto
319 2911 468 2985 rationis
488 2915 554 2986 ul'u
575 2914 803 3004 coniunctus,
828 2939 903 3013 quo
918 2914 1057 2987 animus
1076 2912 1116 2983 in
1136 2935 1197 2983 eo-

95 3012 253 3111 gitendis
273 3012 382 3087 rebus
404 3014 536 3087 (livinis
558 3030 707 3089 tenetur.
767 3016 865 3088 Here
885 3014 994 3105 fides,
1031 3013 1115 3088 licet
1135 3014 1197 3085 od-

96 3118 191 3184 ieeto
205 3115 283 3187 eius
303 3140 368 3188 nec
386 3112 720 3192 mathematicorum
736 3129 836 3189 'more
850 3113 1083 3190 demonstrari
1093 3125 1112 3205 ,¹
1130 3138 1197 3187 nec

95 3213 252 3289 lenfibus
269 3217 409 3317 percipi
425 3218 555 3317 pol'fint
570 3218 701 3313 (Heln.
715 3234 771 3309 tt,
792 3234 823 3293 1.
844 3218 917 3311 8.),
941 3232 1078 3307 tomen,
1106 3241 1197 3317 qua-

94 3330 198 3391 tenus
224 3316 272 3389 ult
297 3318 455 3393 efficacia
476 3318 729 3421 proficiscitur,
757 3336 873 3393 rectoe
893 3319 1024 3392 rationi
1044 3315 1196 3393 necella-

94 3420 151 3491 rio
172 3416 401 3514 inhaerente,
438 3449 510 3495 non
533 3424 671 3497 minore
693 3422 825 3523 gaudet
845 3420 1056 3495 certitudine
1085 3444 1195 3521 quam

92 3516 240 3595 scientio
258 3518 304 3614 ἶ).

196 3623 360 3699 Focrdtee
380 3638 497 3699 autem
519 3626 580 3699 illa
598 3626 748 3699 notionis
768 3624 813 3697 ad
833 3625 1042 3725 religionem
1066 3648 1194 3726 perve-

98 3721 240 3815 niendi,
266 3726 331 3797 nifi
347 3724 566 3801 institutione
585 3743 620 3801 et
635 3728 830 3831 ‚traditione
849 3729 888 3800 in
901 3729 1020 3801 animo
1035 3724 1193 3799 hominis

97 3841 274 3898 commoto
295 3828 423 3920 suerit,
454 3830 613 3931 primum
635 3830 813 3904 excitatur
833 3828 1087 3903 imbecillitatis
1110 3828 1192 3901 lune

94 3924 220 4019 sensu,
259 3952 421 4003 ererum
449 3946 678 4005 externorum
706 3932 863 4031 potentin
894 3930 959 4031 ipli
992 3930 1124 4001 iniecto
1148 3928 1189 4017 ε).

95 4026 177 4120 Quo
195 4030 341 4129 quidem
356 4031 466 4106 homo
487 4034 613 4108 ductus
634 4060 747 4134 quum
768 4048 931 4107 noturom
948 4030 1106 4130 aliquem
1125 4054 1191 4101 no-

95 4131 192 4207 tione
221 4136 409 4237 amplexus
435 4136 510 4227 el't,
557 4136 629 4209 luis
656 4136 796 4209 virilius
829 4136 932 4233 longe
961 4130 1189 4235 superiorem,

70 4264 73 4277 ·
97 4259 205 4333 quum
225 4236 283 4309 vel
302 4252 387 4310 eum
403 4239 528 4313 timore
551 4236 708 4338 ‹luodem
729 4236 918 4313 immensae
942 4235 1122 4340 potestatis
1140 4235 1189 4326 t),
