2792 4759
344 430 353 451 -,
430 452 433 459 A
491 354 570 430 ,Du
594 356 795 449 Religion&
968 426 975 435 ,
1155 372 1206 447 29
1334 366 1339 375 '

98 526 353 637 philosophice
370 540 520 601 auctoru
539 524 601 601 est.
652 526 778 628 Neque
793 528 916 603 Patres
931 530 1115 627 ecclesiae,
1140 562 1205 608 nea

99 662 176 736 que
199 630 456 731 theologiam
485 626 691 731 philosophi
713 628 941 724 scholastici,
975 633 1141 734 dogmate
1161 638 1208 712 de

99 735 339 839 inspiratione
355 731 510 833 quadam
525 732 669 833 spiritus
687 732 802 806 (livini
820 740 986 807 contiuua
1005 738 1090 809 inde
1112 764 1133 812 a
1153 740 1209 814 rei

102 836 329 913 Christianae
352 833 579 935 primordiis,
606 834 646 907 in
667 834 809 909 ecclesia
831 837 1030 911 constanter
1051 840 1208 935 defenso,

100 938 353 1029 revelationis,
393 960 465 1035 qua
487 932 677 1009 hominum
699 937 940 1013 imbecillitati
960 942 1079 1013 Deum
1102 942 1227 1032 benis

102 1069 176 1142 gne
197 1040 403 1119 succurrere
429 1034 572 1110 voluisse
599 1039 857 1139 opinabantur,
897 1044 1079 1119 notionem
1099 1066 1209 1144 argu-

101 1144 238 1217 mentis
261 1137 519 1241 philosophicis
541 1139 716 1213 illustrare
740 1152 776 1212 et
796 1142 953 1215 stabilire
974 1146 1093 1217 conati
1111 1145 1205 1221 llmt.

105 1244 363 1321 Emendatores
384 1241 583 1333 sacrorum,
609 1242 674 1313 nili
691 1240 788 1341 tqtsod
805 1244 1075 1318 Pontificioram
1091 1250 1208 1347 etlsa-

107 1348 311 1421 naticoram
328 1357 526 1417 commenta
541 1342 585 1415 de
601 1343 815 1417 revelatione
831 1344 851 1414 s
872 1346 976 1418 iritus
990 1346 1106 1420 divini
1121 1376 1208 1424 con-

110 1449 214 1521 tinua
228 1450 478 1547 impugnarent
493 1459 598 1544 atque
613 1447 802 1523 reiicerent
822 1370 875 1543 (i
895 1456 954 1525 41.
977 1446 1059 1547 gu),
1085 1451 1126 1523 in
1139 1449 1211 1527 hac

110 1550 274 1623 doctrina
291 1546 385 1619 nihil
399 1562 629 1620 novaverant.
681 1546 762 1621 Post
783 1548 932 1648 longam
950 1549 1096 1623 demum
1116 1552 1210 1625 terii-

108 1653 209 1755 poris
237 1648 425 1723 decursam
451 1645 621 1721 sententia
646 1648 690 1723 de
714 1649 929 1723 revelatione
954 1678 1020 1752 per
1042 1652 1210 1729 Iudaicae

107 1770 146 1829 et
164 1752 384 1827 Cluillianae
408 1749 591 1849 religionis
611 1749 813 1823 institutam
832 1752 982 1846 tradita,
1014 1754 1210 1831 secundam

108 1854 323 1931 methodum
349 1851 581 1925 theoreticam
606 1851 771 1925 subtilius
792 1855 950 1955 expolita
968 1854 1005 1954 ⁸)
1031 1872 1067 1929 et
1092 1857 1211 1932 nostra

107 1958 257 2032 tandem
288 1968 400 2027 aetate
433 1955 474 2026 in
506 1952 609 2027 usam
643 1956 762 2056 potius
786 1957 958 2030 moralem
988 1959 1049 2031 seu
1073 1962 1210 2061 practi-

111 2087 196 2135 cum
212 2056 266 2156 ⁶),
294 2057 391 2159 qaod
412 2083 460 2129 ex
482 2070 583 2157 parte
607 2056 753 2157 quidem
775 2054 1022 2161 philosophiae
1043 2086 1065 2134 a
1085 2064 1212 2137 Kan-

111 2164 181 2235 tio
203 2160 399 2261 propositae
422 2174 518 2233 recte
540 2156 714 2233 tribuitur
729 2157 780 2257 f),
808 2161 975 2235 conversa
995 2162 1064 2255 est3
1098 2165 1150 2239 ita
1169 2180 1212 2239 ut

106 2266 339 2361 poffibilitao,
365 2265 563 2332 uitiasset
584 2261 660 2361 ipsa
682 2262 907 2335 revelationis
926 2269 1120 2359 neceffilao,
1146 2266 1212 2339 ad-

111 2366 208 2441 serto
228 2380 347 2437 tamen
367 2362 531 2436 amastis
552 2364 698 2435 rationis
719 2360 943 2465 principatu,
981 2369 1082 2440 vario
1102 2368 1210 2441 modo

118 2466 413 2538 demonstraretur
429 2462 477 2563 ὅ).
535 2464 659 2565 Neque
683 2491 768 2536 vero
790 2465 998 2559 desaerant,
1038 2471 1104 2568 qai
1120 2483 1212 2568 “gra-

118 2566 271 2638 vissimis
293 2565 390 2639 ducti
417 2564 615 2638 rationibus
646 2592 788 2638 omnem
814 2568 1067 2641 revelationem
1088 2569 1212 2669 saper-

116 2668 317 2745 naturalem
337 2660 374 2741 in
395 2668 546 2739 dubiam
564 2682 750 2759 vocarent,
777 2683 883 2767 atque
903 2670 944 2741 in
963 2668 1035 2742 sola
1055 2672 1211 2746 naturali

114 2770 337 2846 defendenda
354 2770 617 2869 acquiescerent
633 2768 686 2867 t),
715 2784 775 2842 aut
791 2770 1014 2845 revelationis
1029 2772 1068 2845 in
1083 2775 1212 2849 mundi

115 2874 375 2971 hominumque
392 2870 540 2946 historia
555 2870 871 2972 deprehendendae
887 2891 1127 2949 commentum
1143 2877 1212 2950 ali-
1251 2903 1254 2909 ·

115 2976 213 3078 qaod
236 2976 411 3074 fingerent
426 2970 480 3071 s).
537 2970 597 3047 Ab
617 2974 697 3048 aliis
719 2975 819 3049 vario
839 2976 945 3073 modo
965 2977 1005 3049 in
1026 3004 1068 3052 eo
1087 2978 1211 3055 elebo-

115 3095 234 3157 ratum
250 3078 319 3169 el't,
353 3090 412 3167 ut,
444 3076 590 3149 l'orvatis
614 3076 876 3174 quodammodo
898 3079 1029 3151 veteris
1050 3080 1212 3183 discipli-

115 3206 182 3255 nae
198 3180 341 3271 smmis,
367 3176 425 3251 vel
440 3202 573 3249 novum
588 3174 727 3251 sensum
747 3179 872 3279 possm
893 3180 939 3251 iis
960 3178 1214 3354 supponerent,

115 3284 174 3357 vel
195 3282 297 3355 novis
318 3279 585 3371 additamentis,
617 3279 784 3381 inprimis
805 3280 976 3353 sententia
1024 3311 1044 3356 e
1063 3282 1214 3361 homine

114 3384 185 3460 Dei
202 3384 478 3481 divinarumque
494 3407 615 3455 reram
631 3380 697 3455 sibi
713 3381 870 3477 conscio,
897 3398 1057 3460 veterum
1102 3386 1211 3462 lacita

115 3500 334 3561 exornarent
353 3482 402 3582 ε).
462 3482 582 3576 Quam
612 3484 796 3559 novissimo
817 3499 976 3586 tempore
1000 3486 1045 3561 de
1119 3490 1211 3563 aba's

115 3586 176 3661 his
197 3587 301 3687 saper
323 3586 536 3659 revelatione
558 3585 788 3684 opinionibus
817 3588 976 3661 maxime
999 3590 1210 3665 altercatum

119 3688 161 3762 lit
176 3686 232 3787 ⁸),
259 3689 302 3761 de
319 3693 683 3782 supernaturalium,
710 3713 818 3788 quem
836 3704 977 3788 praeter
990 3689 1211 3765 Christianos

117 3790 291 3895 plurimos
309 3792 417 3865 etiam
431 3789 571 3881 ludaei,
599 3786 891 3863 Mahammedani
910 3792 1043 3892 aliique
1064 3794 1211 3895 religio-

115 3894 173 3967 nis
194 3890 343 3967 alicuias
365 3892 532 3993 positivae
555 3890 705 3965 cultores
725 3906 888 3985 tuentur,
920 3909 955 3964 et
970 3894 1015 3965 de
1033 3902 1210 3967 Rationa-

114 4002 237 4081 liomo,
270 3996 329 4068 cui
349 3996 447 4073 varie
463 3992 610 4093 quidem
625 3990 760 4086 efficto,
786 3992 1031 4094 theologorum
1047 3997 1211 4075 ecelesiae

111 4096 337 4199 evangelicae
349 4096 501 4200 plurimi
514 4092 783 4195 adstipulantur,
799 4096 871 4169 iam
883 4098 1083 4173 accuratius
1094 4127 1210 4204 expo-

110 4228 255 4291 nemum
282 4202 335 4277 ita
348 4198 525 4301 quidem,
538 4212 579 4273 ut
599 4197 760 4297 priscum
777 4196 1036 4304 universatem
1053 4218 1209 4293 necten-
