2792 4759
217 349 285 440 lsi
432 363 437 372 ·
475 363 587 434 ran
611 360 642 427 1.
696 357 783 450 cap.
807 358 857 426 ιι.
890 349 942 450 ις.
970 359 1029 428 4⁷.

228 539 232 551 '
251 537 282 600 ι)
298 532 496 590 Εἰοῑιὴοη
514 529 551 582 de
565 526 692 597 Aegypti
715 545 791 582 auno
813 525 962 596 mirabili,
985 527 1018 580 in
1033 525 1243 582 commentatt.
1260 525 1319 580 ὅου

284 618 400 673 etenn-
413 617 485 686 λος.
500 613 659 670 scientiar.
673 613 757 668 Gott.
773 613 934 668 recentior.
954 614 987 664 v.
1002 613 1051 666 tv.
1073 618 1150 674 asto.
1168 625 1201 680 55
1214 611 1248 664 ll·

251 761 280 829 ὃ)
298 759 395 810 Iesum
407 754 478 807 car.
493 738 646 804 miramtlii
662 749 779 819 abipso
799 747 924 820 patratis
940 747 1015 801 haud
1031 747 1158 800 multum
1176 747 1319 800 reinmu-

223 885 227 891 .
285 840 483 894 demonstrare
497 836 596 889 conati
610 839 676 889 lunt
690 834 848 889 Nittlolr
864 834 912 886 rr.
927 834 1075 902 Queutum
1088 835 1157 887 Chr.
1172 831 1320 886 tribuerit

284 923 445 981 utinensis.
472 923 530 974 Vit.
547 920 623 990 2796.
658 920 893 978 Eckermnnn
914 915 1112 984 Watteatesus
1130 918 1318 972 sl'nndarate

225 1005 230 1021 ⁸
287 1009 443 1076 Zeielrens.
459 1003 858 1074 garrt.Sentungtemctm
873 1001 990 1071 wffl‘en?
1018 1001 1215 1054 Theol.Beitr.
1235 1005 1269 1055 V.
1289 1022 1317 1059 ι.

282 1093 421 1148 Paulus
438 1093 483 1143 aa.
497 1092 542 1142 dit
556 1087 667 1152 Abficlrt
682 1087 711 1140 d.
732 1085 952 1138 trinacriam
967 1083 1041 1154 Jesu.
1063 1087 1100 1141 N.
1115 1083 1215 1142 Theos.
1229 1087 1316 1139 Jour-

285 1180 348 1232 nal.
366 1177 416 1230 IX.
433 1191 495 1244 54²·
521 1170 705 1229 Sententiam
718 1170 896 1224 contrariam
909 1171 1101 1224 defenderunt
1116 1173 1148 1225 C.
1164 1173 1198 1227 C.
1212 1173 1315 1226 Platt

285 1262 395 1328 ntitas.
411 1278 439 1311 u.
454 1260 551 1327 hiller.
566 1269 671 1325 eroget.
685 1254 895 1322 Bemertungen
919 1259 984 1310 tter
999 1259 1045 1310 elie
1064 1257 1184 1310 Wunder
1200 1259 1314 1327 canpe,

224 1382 229 1392 .
282 1341 606 1410 inFltttMag.111.
641 1338 813 1394 storria.
837 1343 886 1394 IV.
909 1343 1001 1411 ¹78³·
1037 1341 1173 1396 Schott
1191 1342 1227 1396 de
1243 1358 1313 1396 eon·

259 1479 265 1484 .
284 1432 368 1498 filio,
392 1443 449 1500 quo
464 1429 543 1480 nra·
558 1425 703 1480 miracula
718 1424 843 1481 ediderit
861 1443 895 1480 ex
918 1425 1005 1498 iptio·
1025 1427 1210 1480 sermonibus
1230 1436 1314 1481 rect·

287 1511 501 1586 cognoscendo.
528 1511 654 1584 Opnlco.
674 1513 706 1564 V.
721 1513 744 1564 1.
765 1513 826 1564 lan.
846 1517 922 1582 ¹⁸¹7·

697 1711 733 1812 §.
762 1723 821 1790 tr.

148 1864 182 1875 Μ
220 1878 475 1948 Doctrinae
502 1876 554 1940 de
583 1872 831 1940 miraculis
861 1871 1204 1966 ecclesiastieae
1231 1897 1310 1941 ex-

535 1972 720 2066 positio
755 1973 986 2067 historico.

163 2155 169 2162 ’
224 2197 230 2206 ·
266 2193 270 2200 ·
298 2162 359 2234 'ln
381 2158 522 2232 ecclelia
543 2157 724 2258 primaeva
745 2155 789 2228 de
808 2157 1059 2230 miraculorum
1074 2161 1112 2230 in
1128 2155 1252 2229 bibliis
1268 2155 1309 2233 ss.

216 2265 409 2339 relatorum
423 2261 587 2350 veritate,
615 2283 635 2330 a
651 2283 722 2357 qua
738 2257 811 2358 ipsa
826 2259 1005 2358 religionis
1014 2257 1231 2333 Christianae
1246 2287 1313 2332 ve-

218 2369 304 2442 ritas
324 2362 550 2465 repetebatur
563 2359 616 2459 ⁰),
644 2359 730 2430 atleo
746 2359 911 2432 omnibus
935 2361 1134 2460 persuasum
1152 2363 1241 2452 fuit,
1267 2377 1311 2434 ut

217 2468 342 2543 seculis
368 2463 616 2564 sequentibus,
657 2461 749 2534 licet*
768 2459 958 2533 adversarii
986 2463 1146 2536 nonnulli
1171 2462 1248 2536 lesu
1274 2479 1312 2536 et

217 2568 467 2671 Apostolorum
485 2563 658 2638 miracula
679 2561 725 2634 ad
744 2563 885 2636 fraudes
904 2578 1065 2664 artesque
1084 2566 1238 2666 magicas
1252 2591 1313 2636 re-

218 2683 384 2744 vocarent
398 2667 451 2766 ⁵),
478 2669 585 2740 etiam
598 2665 671 2736 viri
688 2663 869 2737 sanctitate
891 2665 1045 2763 (quadarn
1066 2668 1232 2767 insignes,
1256 2666 1310 2758 id,

218 2772 316 2873 quod
335 2768 428 2842 lesus
450 2768 523 2868 ipse
547 2765 728 2866 discipulis
750 2781 786 2838 et
808 2765 1004 2840 cultoribus
1026 2770 1098 2840 suis
1120 2766 1311 2869 promilill'e

207 2872 312 2946 'visus
327 2869 376 2942 est
397 2867 524 2984 llatth.
545 2880 602 2958 17,
621 2881 679 2982 203
707 2867 755 2982 lo.
776 2876 927 2961 14,12.,
962 2870 1136 2942 eiusmodi
1158 2869 1212 2942 vel
1231 2893 1313 2940 ma-

216 2976 294 3050 iora
313 2973 407 3044 l‘acta
427 2969 607 3042 mirabilia
623 2966 765 3040 edrdrsle
784 2969 831 3039 ab
851 2970 1059 3068 aequalibus
1072 2969 1313 3144 perhiberen-

216 3073 334 3172 turt).
387 3071 601 3169 Quanquam
615 3071 655 3141 in
669 3067 810 3142 ecclesa
823 3069 985 3144 orientali
997 3069 1069 3143 hau
1110 3075 1311 3164 desierunt,

217 3179 281 3278 qui
303 3173 562 3275 proclivitatem
584 3169 787 3270 aequalium
807 3171 851 3243 ad
871 3171 1035 3272 prodigia
1057 3173 1123 3246 fibi
1143 3173 1313 3274 fingenda

215 3279 408 3376 infringere
429 3273 605 3347 llutlerent
620 3271 676 3372 ¹),
702 3274 741 3344 in
758 3272 897 3346 ecclelia
917 3289 1035 3348 tomen
1049 3289 1083 3347 et
1099 3276 1312 3348 occidentali

215 3393 251 3452 et
267 3375 429 3452 orientali
445 3376 566 3476 opinio
582 3375 626 3446 <lc
640 3373 894 3447 miraculorum
911 3377 1142 3476 perpetuitate
1159 3402 1311 3477 praeva-

214 3480 283 3556 luit
298 3479 350 3578 ι),
377 3503 467 3578 quae
483 3479 676 3548 etiamnum
697 3475 856 3548 ecclesiae
873 3479 1036 3550 orientali
1056 3493 1091 3551 et
1113 3477 1310 3551 catholicae

214 3582 397 3684 probatur.
456 3578 595 3651 Primus
618 3580 710 3650 inter
733 3577 851 3648 Patres
875 3577 1164 3675 Augustinus
1190 3581 1309 3652 trotio-

215 3711 297 3760 nem
318 3679 483 3755 miraculi
505 3679 605 3752 senlu
628 3679 783 3778 quodam
804 3681 1000 3772 subiectivo
1028 3680 1208 3773 definivit,
1244 3683 1308 3773 ita,

213 3802 255 3872 nt
274 3783 453 3887 quidquid
474 3781 626 3852 arduum
648 3795 710 3852 aut
732 3778 912 3852 insolitum
933 3781 1037 3882 supra
1058 3783 1156 3882 spem
1174 3781 1231 3854 vel
1252 3786 1310 3856 fa-

214 3889 380 3963 cultatem
401 3883 563 3956 mirantis
583 3895 769 3982 appareat,
803 3883 1014 3955 miraculum
1029 3899 1188 3981 vocaret,
1211 3911 1309 3984 por-

212 4005 350 4089 tentum
374 4013 444 4062 non
464 3998 586 4056 contra
609 3983 887 4076 naturamufieri,
913 3984 974 4058 sed
991 4001 1112 4060 contra
1132 4011 1241 4086 quam
1255 3986 1308 4060 est

212 4107 295 4165 nota
315 4103 458 4176 natura,
485 4084 611 4157 ‹lil'erte
631 4109 788 4157 monens.
840 4087 916 4159 lmo
931 4087 1137 4185 quotidiana
1152 4089 1221 4160 Dei
1234 4090 1307 4161 mi-

212 4192 331 4261 racula
359 4192 395 4257 in
421 4211 540 4258 rerum
567 4200 690 4257 natiue
717 4182 904 4285 conspicua
932 4189 1106 4290 prodigiis
1135 4190 1308 4266 inusitatis
