2792 4759
200 339 249 412 86
398 335 664 424 Prolegomeuo.
716 329 831 423 Caput
854 331 925 402 ΙΙΙ.
976 320 1009 424 §.
1039 335 1099 404 26.

199 505 319 590 uitatis
340 505 420 581 luce
442 502 679 596 collustratue,
713 498 847 576 assensu
870 501 1163 603 comprobatum,
1195 503 1320 586 indu,-

203 607 328 682 bitatis
350 609 457 680 etiam
480 605 677 707 scripturae
693 603 719 676 s.
739 601 874 697 effatis,
901 621 1072 704 tanquam
1095 609 1319 681 auctoritate

205 710 329 783 divina
353 727 497 780 externo
520 707 761 780 confirmatur.
823 707 893 780 Sic·
908 704 1118 780 bominibus
1144 708 1318 790 cultiori-

199 810 294 902 bus,
330 812 463 910 quibus
483 811 614 882 veritas
637 835 703 908 per
727 807 761 880 se
783 823 926 907 accepta
945 807 1012 899 est,
1049 833 1160 908 aeque
1184 835 1226 883 ac
1251 813 1318 883 in-

200 913 438 1005 cultioribus‚
470 939 560 1011 quos
582 936 654 983 non
676 908 741 982 uisi
763 911 971 982 auctoritate
989 909 1145 1010 quadam
1160 926 1317 984 externa

203 1015 453 1088 commendata
474 1027 612 1104 movet,
639 1011 731 1100 bene
749 1009 953 1086 consulitur.
1005 1012 1207 1086 Doleudum
1223 1014 1316 1112 qui-

203 1113 385 1209 demost,
428 1140 500 1187 non
524 1114 568 1185 de
591 1112 778 1207 omuibus,
819 1138 910 1212 quae
938 1114 977 1184 in
1005 1115 1209 1212 Evangeliis
1231 1112 1318 1192 lesu

204 1215 349 1290 Christo
369 1215 598 1308 tribuuntur,
624 1212 742 1290 effatis
763 1213 847 1286 satis
872 1213 1050 1308 constare,
1084 1241 1130 1287 an
1152 1231 1247 1298 recte
1269 1217 1314 1288 in

206 1344 293 1392 eum
308 1319 434 1392 collata
449 1317 534 1408 lint3
561 1316 731 1390 nonnulla
746 1318 842 1392 enim
856 1330 975 1416 aperte
988 1318 1083 1389 iuter
1096 1315 1131 1390 sc
1142 1323 1315 1418 'pugnan-

208 1421 262 1494 tia
284 1419 389 1494 sacile
411 1418 646 1519 suspicionem
666 1432 829 1510 movent,
863 1443 903 1491 ea
923 1444 995 1492 non
1016 1419 1062 1491 ab
1078 1445 1150 1492 imo
1167 1419 1315 1492 eodem-

156 1601 161 1613 *
207 1547 281 1621 que
296 1538 438 1596 auctore
453 1521 612 1621 prosecta
627 1517 704 1593 else.
758 1517 1001 1594 Nihilominus
1017 1521 1111 1594 iuter
1124 1520 1217 1595 dicta
1234 1520 1316 1593 lesu

208 1623 278 1722 ipsi
294 1624 430 1696 tributa
446 1624 529 1694 satis
549 1621 662 1694 multu
680 1619 839 1714 exstant,
866 1621 1035 1721 equibus
1057 1623 1174 1696 verior
1194 1623 1315 1696 divini

210 1720 321 1798 buius
336 1724 492 1798 doctoris
505 1723 685 1816 doctriua,
712 1723 822 1796 missis
838 1748 1073 1823 quaecunque
1088 1723 1240 1824 speciem
1255 1738 1315 1796 at-

211 1852 284 1924 que
306 1827 491 1924 ingenium
521 1825 601 1896 aevi
628 1825 783 1898 rudioris
812 1824 1114 1926 praeseferunt,
1150 1825 1316 1926 cognosci

211 1926 383 2026 ideaeque
415 1940 598 1999 aeteruum
629 1927 802 2000 valiturae
832 1925 1045 2000 universales
1078 1927 1124 2000 ad
1157 1928 1315 2028 purioris

211 2028 290 2107 eius
320 2027 503 2100 doctrinae
531 2026 682 2121 systema
712 2028 859 2129 aliquod
884 2029 1171 2102 concionandum
1198 2028 1316 2130 repeti

212 2126 344 2229 possint
360 2127 402 2227 ¹).
454 2129 590 2202 Verum
611 2129 638 2202 si
662 2131 744 2229 quis
769 2145 935 2230 quaerat,
971 2129 1227 2230 q'uonaminre
1249 2156 1316 2204 uos

237 2231 396 2304 urionem
415 2245 555 2322 tantum
576 2230 759 2312 doctrinae
782 2231 938 2305 biblicae
961 2259 1121 2306 normam
1141 2259 1208 2332 pro
1230 2257 1318 2306 vere

211 2255 337 2407 itivina
354 2347 390 2404 et
402 2335 510 2406 unice
527 2332 631 2406 nobis
645 2334 822 2432 sequenda
838 2331 1051 2425 habeamus,
1077 2359 1317 2435 provocamus

213 2432 262 2512 ad
278 2434 407 2514 mentis
421 2431 599 2506 humanae
613 2436 773 2511 indolem
791 2430 865 2532 (§§.
886 2450 943 2510 11.
975 2435 1075 2535 12),
1102 2461 1173 2536 qua
1190 2437 1235 2508 ud
1254 2461 1319 2510 co-

213 2535 412 2636 guitionem
433 2562 554 2609 rerum
575 2537 824 2636 perfectiorem
841 2538 909 2610 fibi
927 2537 1202 2638 comparandum
1218 2561 1318 2609 eam-

239 2663 285 2710 ue
303 2637 409 2710 semel
426 2637 518 2710 bene
538 2639 754 2712 intellectam
770 2635 908 2712 strenue
925 2639 1185 2712 defendendam
1198 2637 1319 2712 ueces-

213 2664 307 2811 sario
323 2739 485 2830 docitem,
510 2739 557 2810 ad
573 2740 703 2819 diserta
719 2739 797 2812 lesu
813 2739 945 2814 Christi
962 2741 1069 2840 ipsius
1087 2769 1121 2814 v.
1139 2767 1168 2814 c.
1186 2737 1316 2814 March.

216 2850 329 2930 9,16.
351 2852 409 2912 17.
426 2853 462 2912 et
475 2837 726 2940 Apostolorum
740 2839 845 2914 effata
863 2839 916 2940 (§.
937 2839 1038 2940 22),
1072 2857 1107 2918 et
1128 2841 1174 2914 ad
1195 2868 1320 2915 exem·-

214 2938 317 3038 plum
330 2937 537 3040 disciplinae
553 2942 692 3014 nostrae
707 2944 929 3044 evangelicae
944 2946 1236 3038 instauraturum,
1252 2944 1320 3042 qui

213 3038 428 3210 scripturam
450 3040 476 3114 s.
502 3056 597 3114 recte
623 3043 874 3144 explicandam
905 3073 971 3146 pro
999 3047 1106 3118 unico
1136 3046 1320 3119 doctrinae

215 3139 281 3212 sun
306 3157 447 3214 amento
483 3142 701 3242 posuerunt,
745 3162 805 3240 et,
850 3173 922 3220 non
955 3149 1076 3220 omnia
1108 3145 1143 3220 se
1176 3149 1320 3247 penitus

216 3239 399 3315 absolvisse
422 3243 535 3318 libere
559 3246 722 3346 professi,
757 3274 879 3337 veram
900 3253 1186 3346 Proteflantismi
1213 3249 1322 3322 indo-

216 3342 289 3417 lem
311 3346 514 3418 universam
536 3347 683 3446 quidem
705 3350 797 3423 bene
819 3351 1140 3443 adumbraverunt,
1167 3349 1228 3422 sed
1249 3350 1322 3422 liu-

280 3469 319 3517 as
339 3445 519 3521 doctrinas
540 3449 688 3548 posteris
712 3450 783 3524 suis
805 3455 936 3526 rectius
962 3451 1222 3526 constituendas
1245 3466 1323 3526 tra·

248 3546 397 3626 derunt.
441 3547 598 3625 Oumiuo
613 3550 712 3625 haud
730 3554 954 3628 immemores
969 3555 1075 3628 fimus
1090 3556 1131 3627 in
1144 3554 1241 3628 sacro
1258 3579 1323 3626 co-

218 3648 303 3722 dice
315 3650 581 3752 interpretando
597 3654 740 3732 divinae
760 3655 856 3730 illius
878 3656 1142 3756 providentiae,
1169 3679 1260 3756 quae
1281 3656 1324 3730 in

218 3752 345 3851 quavis
361 3753 569 3853 ‘cognitione
589 3753 800 3855 hominibus
815 3759 872 3832 vel
889 3758 1127 3858 impertienda
1141 3759 1199 3830 vel
1214 3755 1325 3830 dene-

218 3853 335 3952 ganda
360 3855 545 3928 consilium
567 3855 728 3957 sequitur
751 3859 1063 3960 sapientissimum,
1096 3857 1231 3933 etiamsi
1257 3882 1324 3932 nos

218 3953 346 4046 lateat,
359 3958 435 4060 ¹pia
452 3973 572 4030 mente
588 3961 839 4036 venerandum.

80 4163 85 4173 ,
172 4135 176 4145 =
216 4109 225 4116 ”
254 4103 286 4171 a>
304 4104 390 4174 Quod
404 4107 702 4164 Deuaimmutubilis.
722 4127 751 4180 p.
767 4127 828 4180 gor.
844 4127 869 4166 u.
898 4113 945 4166 De
959 4111 1127 4184 linguonum
1142 4107 1325 4164 confusione.

289 4203 353 4257 559·
370 4207 416 4258 4ο-
451 4195 500 4248 Do
512 4194 646 4251 somniis.
663 4197 690 4249 1.
708 4209 768 4266 599·
785 4197 846 4251 flou·
865 4197 904 4252 ol.
946 4199 1056 4253 Stulrl
1072 4195 1188 4252 Piu‘lo'e
1205 4193 1328 4249 Mabo-
