2792 4759
120 305 553 406 Dede'vinoinssffulutie
561 289 777 398 lem-perd.
789 308 869 378 ctae
887 309 1113 400 reparandae.
1140 313 1213 406 m

111 479 309 556 atdtme
320 478 517 579 irnprop'rie
531 478 578 551 sic
591 476 708 552 dictae
723 476 764 552 lr.
777 505 808 552 e.
825 477 872 552 ad
885 479 1043 556 saturam
1051 479 1212 580 aliquam
1244 477 1251 518 ’-

107 617 112 639 ³
186 582 232 654 tis
245 577 460 653 Israeliticae
477 579 717 653 conditionem
732 579 964 656 felicissimam
982 582 1209 682 pertinentes,
1246 619 1250 628 ‚

146 680 407 756 atriorchnrum
426 704 514 753 aevo
537 682 612 752 iam
632 680 829 781 adscriptae
851 683 1078 782 reperiuntur
1098 679 1208 779 (Gen.

121 800 180 880 39,
200 799 235 860 3.
265 797 324 874 33,
344 797 404 859 te.
439 795 499 872 93,
515 787 550 856 3.
586 795 645 873 93,
666 789 724 855 14.
759 781 838 856 coll.
861 783 931 856 Sir.
949 791 1085 874 aare.
1115 781 1209 881 33),
1240 815 1249 834 -·

114 908 139 960 e
153 885 221 986 spe
240 885 430 957 meliorum
448 897 648 984 temporum
668 879 768 979 (loel
783 897 817 958 3.
846 880 904 981 l.)
925 899 961 957 et
982 884 1092 960 seculi
1112 887 1210 986 quali
1238 913 1246 925 ·’

114 986 221 1061 au'rei
242 985 368 1058 animis
389 982 579 1056 informa
597 979 663 1056 elle
681 983 833 1056 videmr.
881 985 1023 1060 Primus
1036 988 1209 1064 nmirum
1241 995 1245 1014 ³
1333 1053 1336 1062 .

114 1084 277 1162 Derides
298 1083 470 1186 populum
493 1082 643 1159 diffidiin
665 1099 701 1160 et
722 1083 936 1160 factionibus
959 1087 1209 1186 perturbatum
1238 1091 1249 1102 ”

115 1187 338 1264 consociaret
362 1199 398 1259 et
422 1184 470 1260 ad
491 1186 671 1285 egregiam
700 1187 894 1286 potentiam
920 1187 1208 1288 opulentiamque
1247 1219 1251 1226 ·

117 1301 299 1363 evexerat.
347 1286 418 1360 Sed
436 1307 585 1362 aurcmn
603 1285 694 1360 illud
714 1285 871 1362 seculum
888 1287 981 1362 facto
1002 1289 1146 1390 imperii
1168 1290 1208 1364 io

121 1391 196 1464 duo
218 1406 323 1486 regna
347 1375 546 1462 discilllone
572 1388 765 1486 praeteriit.
823 1388 905 1462 Non
934 1389 1047 1490 igitur
1074 1391 1208 1465 mirum
1244 1393 1251 1408 ‘¹

97 1500 214 1582 jerat,
247 1491 323 1562 eine
344 1487 610 1586 redintegrandi
634 1487 732 1588 spem
753 1489 792 1562 in
813 1515 851 1564 re
880 1491 911 1560 'a
929 1489 1079 1564 Doridis
1102 1491 1207 1564 domo
1247 1511 1251 1522 ’

116 1593 207 1695 pani
228 1589 424 1689 sensimque
447 1589 604 1688 aliquem
628 1615 678 1662 ex
701 1589 778 1664 eius
803 1515 949 1691 possem
970 1589 1085 1669 felicis
1106 1588 1209 1666 theo-

104 1694 249 1787 ecratiae
264 1691 532 1764 instauratorem
544 1691 707 1764 futurum
719 1691 911 1791 praesagiri
927 1689 1059 1788 (Mich.
1077 1701 1112 1784 6,
1133 1707 1149 1766 1
1166 1689 1205 1768 ll.

104 1794 183 1892 tet.
199 1809 234 1886 9,
252 1803 288 1868 3.
311 1806 346 1868 6.
373 1817 404 1866 c.
426 1806 483 1867 11.
517 1790 595 1866 coll.
615 1800 650 1883 t,
667 1808 704 1870 9.
735 1793 796 1866 Ez.
815 1801 873 1885 33,
892 1809 937 1870 33
953 1789 991 1870 ss'.
1026 1808 1086 1888 er,
1104 1807 1149 1872 21
1166 1789 1205 1868 It.
1243 1821 1252 1831 ¹·

113 1895 293 1972 Mater.
312 1909 372 1984 93,
390 1903 424 1970 3.
451 1901 580 1985 33,33.
605 1889 717 1969 zach.
733 1907 819 1986 3,·3.
848 1907 970 1986 a,12.‚
997 1894 1209 1970 ubinomm
1249 1914 1253 1924 ·

112 2010 215 2105 ἦρξ’
231 1995 276 2070 de
294 1995 417 2070 Meffia
437 1991 605 2090 dictum).
664 1991 745 2086 Quo
767 1994 959 2094 proclivius
980 1996 1107 2081 deinde
1127 1995 1208 2070 such

112 2099 210 2174 edlu
223 2097 394 2198 temporis
414 2095 550 2171 summa
571 2093 772 2194 respublica
791 2093 837 2168 ad
857 2097 1010 2174 exitium
1029 2123 1133 2172 ruere
1149 2098 1206 2172 vi-

110 2200 286 2291 debatur,
317 2197 580 2296 eo-propiorem
598 2194 674 2296 spei
692 2193 802 2272 huius
816 2195 1014 2298 implendae
1030 2197 1207 2277 canutio,

107 2327 204 2374 -nem
216 2298 475 2397 sibifingebant
489 2295 623 2396 (Hagg.
639 2312 675 2395 2,
690 2311 822 2374 6-2-9,
842 2312 1013 2374 21—25.
1041 2295 1150 2374 Zach.
1169 2314 1205 2391 2,
1313 2297 1317 2306 ’

122 2413 275 2478 narr.
308 2415 341 2492 3,
363 2412 512 2476 3-39.
549 2414 583 2490 3,
602 2412 664 2474 39.
694 2413 752 2474 33.
793 2397 877 2470 Mal.
898 2413 931 2490 9,
952 2412 1008 2472 33.
1046 2413 1080 2491 3,
1102 2414 1135 2474 3.
1170 2414 1227 2491 3,
1299 2455 1303 2470 ,

125 2498 320 2598 ta-1a.)
340 2516 375 2573 et
395 2527 462 2601 pro
475 2499 561 2594 illa,
587 2524 679 2600 quae
692 2496 936 2572 Hebraeorum
952 2499 1131 2580 mentibus
1147 2501 1205 2572 in-

116 2601 274 2694 sederat,
307 2599 518 2676 theocratiae
538 2603 700 2692 notione,
735 2623 867 2672 novum
887 2599 1113 2698 imperium,
1134 2623 1205 2674 non

115 2704 221 2782 civili
239 2701 352 2777 solum
371 2716 408 2778 et
429 2702 573 2801 publico
587 2702 684 2791 iure,
717 2699 777 2773 sed
789 2725 931 2774 morum
944 2725 1085 2800 alnoque
1100 2699 1205 2774 inno-

116 2806 235 2880 centia
247 2819 284 2877 et
297 2803 478 2902 religionis
497 2801 678 2876 sanctitate
697 2800 885 2874 fundatum
898 2803 945 2874 iri
961 2799 1202 2882 aunmnbant,

7 2945 8 2951 1
221 2930 438 2988 eunocum
461 2904 563 3002 regni
582 2901 749 2976 Davidici
771 2901 1007 2992 restitutione,
1042 2929 1123 2978 cum
1147 2927 1205 2976 re·

116 3008 201 3082 drtu
212 3031 259 3080 ex
275 3005 387 3080 exilio
397 3003 616 3098 Babylonico
630 2999 711 3100 (ΕΖ.
728 3018 787 3096 87,
804 3003 897 3088 211s.
924 3003 985 3078 Ies.
1000 3018 1057 3097 11,
1072 3018 1117 3080 12
1130 3001 1203 3100 ss),

113 3133 205 3184 erun
225 3107 351 3208 populi
368 3105 554 3186 lemelitici
575 3105 692 3181 denuo
715 3101 903 3180 consociati
928 3131 1020 3178 nova
1036 3105 1205 3183 felicitate

119 3208 265 3307 (laete,
288 3206 359 3284 tlt.
398 3208 508 3281 Amos
531 3222 565 3298 9,
583 3221 640 3282 tr.
679 3205 744 3280 let.
762 3221 796 3298 9,
814 3221 847 3282 3.
885 3221 1021 3298 11,10.
1044 3216 1106 3283 33.
1143 3221 1204 3299 3ο,

120 3307 221 3387 ertt
261 3305 373 3383 Mich.
392 3317 426 3401 3,
448 3322 483 3382 3.
520 3323 565 3384 39
582 3303 621 3382 tr.
663 3303 792 3401 unffi
831 3305 1108 3400 Zach.1a‚eff.
1146 3315 1204 3400 14,

119 3409 218 3508 aff.)
233 3411 379 3509 eiusque
392 3410 616 3482 incrementis
630 3423 801 3510 perpetuo
815 3408 993 3482 duraturis
1009 3409 1070 3510 spe
1090 3423 1125 3482 et
1138 3435 1205 3482 ex-

117 3512 332 3614 spectatione
355 3504 491 3608 0333,
509 3505 582 3588 att.
619 3525 654 3603 9,
669 3523 703 3586 3.
725 3525 798 3602 33,
815 3506 888 3585 ott.
925 3525 983 3602 3ο,
1008 3525 1051 3588 93
1070 3507 1108 3582 tt.
1144 3515 1204 3600 33,

124 3627 184 3689 17:
214 3611 287 3686 loel
307 3622 342 3703 3,
362 3609 460 3687 1711.
492 3611 573 3686 Am.
594 3627 627 3704 9,
647 3626 703 3687 33.
736 3613 797 3684 Ez.
816 3620 875 3708 33,
893 3623 938 3688 33
954 3609 991 3686 tr.
1027 3627 1085 3704 33,
1105 3624 1151 3686 93
1164 3606 1202 3684 ss'.
1282 3679 1288 3688 .

122 3723 247 3805 amo
263 3711 324 3811 ss.)
347 3711 607 3811 coniungebant
631 3711 812 3786 universae
836 3713 989 3788 nationis
1016 3711 1205 3794 eorrectio-

117 3841 203 3890 nem
217 3830 324 3916 atque
339 3813 635 3905 emendationem,
662 3839 755 3913 qua,
778 3830 819 3888 ut
833 3814 1000 3906 salsorum
1018 3813 1205 3896 numinum

96 3917 235 4003 natan
250 3915 450 3990 aboleretur
465 3913 569 4010 (llos.
588 3928 697 4007 2,18.
722 3929 779 3990 19.
808 3931 841 4006 3,
855 3929 893 3994 5.
920 3913 1031 3990 Mich.
1049 3925 1142 4008 5„tt
1155 3955 1206 4006 ὴ,-
1307 4007 1310 4014 ¹

96 4033 180 4094 33.
206 4015 371 4109 letne.
399 4031 458 4110 3ο,
477 4027 535 4093 ee.
561 4019 694 4108 mee,
707 4025 764 4110 25.
794 4033 853 4108 ar,
871 4032 929 4092 93.
955 4011 1206 4113 Zeplz,‚e,9-÷-

121 4135 181 4196 33.
213 4115 325 4207 Zaett
344 4134 402 4213 33,
415 4135 453 4196 3.
482 4135 516 4200 3.
543 4116 722 4214 otae-1
741 4113 819 4216 a),
844 4115 1221 4206 ntiummeerrerif
