2792 4759
313 278 369 346 Dr
394 277 516 348 divina
532 279 739 370 scripturae
754 279 794 370 j.
820 283 1040 360 amtoritate.
1150 291 1220 363 tot

158 447 191 517 a)
211 447 289 518 Opp.
304 447 350 502 ed.
366 447 508 502 Walrh.
527 451 562 503 T.
578 449 628 504 ΙΙ.
649 449 711 504 nst
727 450 757 504 n.
781 451 890 518 252811.
914 451 978 518 1865
990 451 1020 506 ίῐ.
1042 467 1119 520 agor.
1143 451 1220 506 nt.

191 549 227 603 99
244 533 277 586 ss.
328 533 633 589 Bretlchneider
654 535 764 587 Lutlrer
781 552 818 586 an
837 535 934 602 nrqserae
953 536 1024 589 Zeit.
1057 533 1121 588 Eri.
1143 541 1219 604 1817.

194 635 244 688 199
261 619 293 672 si.
1219 630 1222 638 ’

122 819 125 824 ¹
157 753 181 818 ι’)
201 753 279 822 Opp.
299 752 333 804 T.
346 751 412 804 111.
435 751 533 819 15421.
552 749 590 806 nl.
626 749 926 806 Bretlolrneider
946 753 965 807 l.
982 753 1002 806 l.
1022 769 1049 822 p.
1064 767 1124 806 roo.

609 933 641 1038 ᾗ.
671 944 730 1014 la.

428 1094 914 1164 continuatio.

222 1263 258 1334 T
257 1259 401 1361 heologi
422 1259 532 1336 seculi
549 1261 677 1353 XVII,
709 1261 794 1336 licet
814 1264 1021 1338 auctoritate
1042 1260 1217 1346 lilrrorum

114 1363 399 1458 symbolicarum
423 1363 527 1464 plane
549 1363 727 1454 destituti,
754 1362 1052 1438 scholasticorum
1071 1362 1217 1463 vestigia

116 1479 338 1566 prementes,
371 1466 488 1536 varias
504 1463 620 1536 denuo
636 1466 890 1540 miraculorum
906 1466 1083 1538 finitiones
1105 1479 1148 1540 et·
1159 1465 1217 1537 di-

116 1567 323 1639 stinctiones
344 1563 599 1666 nretaplrysrcas
620 1567 658 1638 in
679 1567 838 1640 medium
859 1567 1100 1670 protulerunt,
1128 1591 1218 1668 quas

116 1683 156 1742 et
175 1666 504 1769 supernaturalil'tae
525 1669 737 1740 recentiores
760 1697 807 1742 ex
829 1685 929 1769 parte
949 1667 1072 1742 saltem
1094 1682 1217 1760 eontra

114 1769 401 1844 adversariorum
432 1769 717 1868 impugnationes
735 1768 770 1866 α)
802 1771 1020 1872 gravissimas
1052 1768 1217 1872 pluribus

116 1872 338 1972 argumentis
361 1869 548 1942 ‹lesendere
571 1872 690 1944 conati
711 1869 801 1944 sunt.
854 1872 991 1946 Prodiit
1014 1873 1115 1964 inde,
1142 1871 1217 1944 dis-

118 1973 428 2072 crimineaccepto
442 1971 535 2042 inter
551 1972 780 2045 miracula
799 1987 834 2046 et
852 1973 1116 2066 mirabilia,
1138 1972 1217 2045 sen-

117 2076 229 2148 tentia
250 2099 291 2146 ea
312 2073 356 2146 de
376 2072 559 2144 miraculis
573 2087 743 2172 tanquam
762 2074 1020 2148 mutationibus
1039 2074 1065 2147 s.
1081 2076 1217 2148 eventi-

116 2174 208 2269 bus,
239 2177 305 2276 qui
326 2200 347 2246 a
368 2170 562 2246 manifestis
589 2188 734 2248 naturae
760 2174 900 2276 legibus
923 2174 1153 2248 abhorrentes
1177 2177 1217 2247 in

115 2275 247 2352 mundi
267 2275 376 2349 huius
397 2275 536 2347 viribus
555 2273 611 2347 sui
632 2278 806 2349 rationem
826 2303 898 2350 non
917 2275 1051 2350 habent
1065 2275 1216 2375 ideoque

116 2405 197 2453 non
211 2379 275 2452 nili
288 2378 356 2450 Dei
377 2372 536 2450 efficacia
557 2373 816 2476 supernaturali
837 2379 989 2478 produci
1014 2376 1151 2478 poll'unt
1167 2375 1214 2471 ⁶).
1282 2398 1284 2404 ·

116 2479 348 2578 Distinguunt
367 2503 475 2580 porro
496 2477 668 2550 miracula
685 2485 869 2571 potentiae
892 2495 926 2552 et
944 2481 1215 2573 praescientiae,

111 2586 303 2678 privativo
319 2595 355 2653 et
368 2585 523 2676 pofitivo
530 2633 543 2664 ,
571 2578 743 2651 miracula
760 2596 910 2652 tecturae
925 2596 961 2652 et
974 2583 1136 2672 gratioe,
1161 2601 1213 2668 ea,

115 2682 253 2784 quilius
268 2682 363 2782 leges
382 2697 528 2754 naturae
544 2677 807 2780 suspenduntur
827 2696 861 2754 et
881 2681 1052 2754 miracrda
1074 2679 1216 2751 restitu-

115 2785 246 2876 tionis,
281 2789 405 2856 divino
426 2797 462 2856 et
485 2785 660 2853 diabolico
674 2780 708 2880 θ)
732 2798 767 2855 at
789 2781 834 2855 al.
893 2781 1066 2873 Additur,
1105 2781 1214 2872 viros,

114 2913 183 2989 per
197 2912 288 2986 quos
302 2887 399 2958 Deus
419 2883 594 2958 eiusmodi
616 2883 788 2956 miracula
810 2885 1020 2984 patraverit,
1054 2883 1130 2958 Deo
1152 2907 1215 2954 ac-

114 3002 238 3090 ceptos
259 3001 295 3061 et
317 2987 450 3086 legatos
463 2985 603 3058 divinos
619 2984 791 3058 declarari
806 2983 905 3082 (Act.
926 3003 960 3078 2,
979 2985 1078 3084 22),
1106 2982 1212 3076 unde,

112 3091 206 3191 quin
227 3087 411 3161 miraculis
433 3087 592 3186 primum
613 3112 655 3160 ac
677 3087 891 3186 palmarium
905 3090 1063 3160 veritatis
1079 3085 1213 3160 doctri-

115 3217 184 3264 nae
197 3187 416 3264 Christianae
431 3201 679 3287 argumentum
695 3189 794 3281 inlit,
820 3187 980 3262 dubitari
996 3203 1146 3288 nequeat
1162 3184 1209 3284 ὅ).

114 3290 268 3365 Plurimi
289 3305 413 3362 tamen
438 3290 600 3362 eccleliae
627 3287 764 3362 nostrae
792 3291 953 3363 doctores
982 3291 1210 3390 antiquiores,

113 3392 323 3466 discrimine
351 3390 462 3492 polito
491 3391 585 3475 inter
612 3389 719 3462 fidem
752 3396 913 3462 divinam
943 3407 977 3464 ct
1007 3398 1210 3473 Izurnanam,

107 3491 210 3590 lianc
223 3492 333 3578 solam
346 3490 528 3564 miraculis
543 3489 655 3583 ellici,
682 3492 789 3564 fidem
805 3493 964 3566 divinam
980 3507 1097 3566 autern
1116 3515 1137 3564 a
1157 3506 1211 3563 te-

115 3594 280 3668 stimonio
301 3593 447 3694 spiritus
467 3592 493 3666 s.
519 3587 580 3691 (ᾗ.
606 3592 692 3692 89.)
715 3594 943 3694 repetendam
964 3591 1045 3685 esse,
1079 3593 1210 3666 docue-

111 3709 203 3768 ruut
219 3693 262 3792 ‘).
310 3694 619 3794 Dispumtionibus
644 3697 839 3768 recentiore
866 3709 978 3769 aetate
1006 3693 1074 3766 hac
1099 3692 1145 3764 de
1171 3717 1209 3763 re

114 3796 223 3868 motis
244 3797 402 3869 maxime
422 3791 591 3869 effectum
612 3796 680 3890 est,
720 3813 761 3869 ut
785 3812 900 3870 toturn
927 3797 996 3869 hoc
1023 3819 1209 3894 argumen-

107 3913 213 3990 tum,
253 3899 362 3970 vanis
387 3895 533 3995 quidem
560 3899 760 3971 rationibus
787 3899 825 3970 in
852 3899 1004 3970 dubium
1031 3908 1206 3984 vocatum,

110 3998 211 4074 haud
229 4001 353 4100 paucis
374 3996 648 4098 iruprolrandum
672 4001 852 4074 rideretur
869 3999 921 4097 f).
975 3997 1138 4070 Ceterum
1160 4023 1207 4068 cx

109 4126 152 4178 ea
178 4099 416 4202 persuasione,
451 4125 560 4198 quam
582 4101 663 4202 quis
684 4099 752 4176 hac
775 4101 818 4176 de
840 4128 878 4176 re
901 4100 1077 4192 induerit,
1105 4123 1206 4172 omne
