2792 4759
346 410 351 417 ·
467 351 525 431 D·
547 358 625 429 Deo
647 370 814 427 montore.

428 540 471 615 Β.
515 559 579 615 ι).
610 554 844 631 engeis..

563 726 599 828 §.
628 744 712 807 101.

207 874 439 944 Doctrina
470 870 644 984 biblico
676 884 718 941 et
747 870 1080 971 ecclesiastico.
1179 971 1183 978 .

178 1042 398 1115 Natumrurn
412 1040 704 1140 intelligentium,
756 1064 823 1114 uae
836 1040 1106 1142 Deo-originem
1125 1036 1192 1114 de·

83 1142 224 1233 beant,
250 1142 339 1214 alins
350 1156 491 1242 praeter
501 1138 664 1216 homines
677 1066 888 1242 easiiemque
904 1139 1113 1216 hominibus
1130 1140 1190 1215 su·

83 1245 274 1345 periotes,
299 1245 375 1315 Deo
390 1244 574 1317 inferiores
589 1240 673 1338 esse,
706 1244 798 1317 ratio
819 1240 978 1315 humanu
997 1240 1098 1318 haud
1117 1241 1192 1315 dis·

85 1345 241 1418 fioulter
255 1344 379 1417 credit.
426 1344 507 1418 Non
526 1344 641 1419 solum
660 1345 758 1419 enim
777 1344 938 1444 ginduio
955 1368 1016 1437 ea,
1041 1368 1133 1445 quae
1149 1344 1192 1417 iss

89 1444 265 1519 universa
282 1470 401 1519 rerum
422 1460 550 1519 nutum
572 1444 807 1547 conspicitur,
841 1470 863 1519 a
884 1446 1005 1519 minus
1018 1442 1192 1562 persentis

87 1562 206 1647 atque
250 1545 482 1621 mestantibns
496 1545 543 1620 ud
607 1546 772 1622 rseetiora
787 1560 822 1621 et
836 1546 1194 1649 pmestanuorooon*

87 1650 195 1723 tinus
225 1649 299 1723 erie
312 1646 526 1750 procedens,
551 1572 611 1721 sid
626 1649 734 1721 etiam
749 1648 887 1722 infinito
904 1672 1097 1751 corporum·
1109 1670 1192 1721 coe-

88 1750 254 1842 lestium,
280 1750 434 1849 quibus,
457 1750 544 1823 licut
557 1749 639 1823 orbi
653 1763 849 1843 terrarum,
878 1748 1035 1823 summae
1050 1746 1192 1853 sapien-

90 1852 166 1927 tine
188 1867 224 1925 et
244 1850 477 1950 benignitatis
491 1850 633 1927 (livinae
649 1850 867 1929 documenta.
881 1848 985 1927 inesse
1005 1865 1100 1927 recte
1121 1876 1194 1952 pu·
1303 1866 1308 1877 ’

91 1966 236 2046 untur,
265 1951 478 2045 multitudo,
508 1978 575 2027 neo
596 1954 717 2027 miuus
737 1953 850 2027 animi
870 1950 1021 2029 hunmni
1041 1954 1191 2029 immor-
1266 1986 1269 1993 ’

91 2053 212 2127 talitns
243 2055 514 2153 animorumque
542 2051 740 2155 promtus
770 2056 810 2127 in
839 2055 1043 2151 infinitum,
1069 2080 1192 2155 ‘orgu-

92 2171 217 2233 meuta
238 2156 373 2227 rationi
395 2154 479 2227 satis
498 2112 702 2255 probabilia
726 2156 926 2230 ministrant
942 2156 990 2256 ⁶).
1049 2158 1095 2230 N·
1129 2159 1136 2173 '
1176 2198 1194 2214 ·

91 2258 216 2345 minus
238 2254 339 2373 apud,
354 2254 534 2356 plurimas,
547 2270 685 2356 gentes,
718 2284 807 2359 qum
830 2274 971 2339 noturus
994 2256 1196 2359 spirituales

90 2355 188 2434 inte'r
203 2351 430 2431 divinitatem
446 2373 481 2431 et
496 2354 753 2433 humanitatem
773 2359 932 2433 medium
953 2360 1051 2459 quasi
1069 2368 1193 2433 tene'n-

91 2476 148 2535 tes
163 2459 236 2533 sibi
249 2460 447 2552 finxerunt,
471 2454 561 2533 baec
575 2458 655 2533 idea
669 2486 690 2533 e
703 2459 942 2554 Polytheismo
956 2462 1076 2559 potius
1090 2472 1195 2535 enata

92 2560 166 2637 esse
181 2558 336 2634 videtur.
368 2561 423 2634 De
435 2574 562 2633 natura
574 2576 694 2635 numm
708 2575 743 2633 et
758 2558 886 2633 officiis
900 2560 1075 2633 eiusmodi
1086 2558 1195 2659 spiri-

92 2678 203 2739 tuum
216 2661 320 2762 longe
333 2660 404 2733 alia
416 2662 456 2733 in
468 2661 572 2734 libris
585 2660 622 2735 ss.
638 2659 917 2765 deprehenditur
931 2660 1040 2753 notio,
1058 2660 1195 2763 quippe

93 2766 177 2841 nevi
200 2764 402 2839 incultioris
424 2764 609 2863 ingenium
631 2762 678 2836 ad
700 2760 901 2865 phantasiae
923 2758 1092 2861 ludibrio¹
1108 2786 1197 2863 pro-

94 2870 189 2943 clive
212 2866 391 2959 referens,
429 2890 539 2965 quom
560 2890 651 2964 quae
672 2890 695 2937 a
715 2862 941 2967 philosophia
954 2950 956 2957 ,
968 2863 1193 2951 informatur.

95 2968 228 3069 Angelis
250 2963 428 3065 (ἄγγελοι,
458 2953 646 3070 mpsim)
668 2982 840 3041 vorantur
855 2992 881 3040 a
903 2965 1136 3066 scriptoribus
1154 2960 1195 3040 ss.

96 3071 264 3160 nomine,
297 3066 415 3167 quod,
443 3069 546 3139 namo
566 3059 673 3141 modo
693 3066 921 3171 usurpatum,
955 3094 1040 3141 πο.
1063 3066 1114 3139 ad·
1131 3090 1195 3139 nn-

96 3188 200 3247 turae
215 3164 459 3271 phaenomena
474 3167 614 3241 insolita
635 3182 741 3270 atque
765 3172 944 3273 repentina
964 3166 1038 3269 (ΡΥ.
1057 3182 1115 3261 te,
1133 3177 1193 3245 49.

103 3282 188 3365 104,
207 3268 285 3369 4.),
309 3266 501 3371 prophetas
517 3266 629 3371 (Hog.
647 3284 754 3364 1,18.
782 3272 867 3345 Mos.
885 3288 917 3365 8,
935 3286 966 3346 1.
994 3269 1122 3344 Matth.
1137 3284 1197 3365 11,

91 3374 161 3452 10.
196 3374 311 3447 stare.
331 3385 364 3464 1,
387 3386 421 3447 2.
459 3372 602 3465 Lucu,
624 3370 725 3473 27.),
765 3370 960 3447 sacerdotes
982 3370 1088 3471 (Mul.
1106 3388 1140 3467 2,
1160 3384 1195 3449 7.

96 3474 199 3551 Eccl.
219 3484 254 3568 6,
274 3472 349 3573 6.),
388 3474 538 3549 nuncios
559 3476 703 3573 quosvis
724 3468 967 3577 significandos
989 3470 1119 3573 (Num.
1136 3488 1197 3567 20,

106 3588 167 3654 14.
191 3593 249 3655 16.
282 3577 349 3650 los.
367 3591 399 3668 6,
417 3590 474 3652 17.
506 3576 596 3649 Luc.
615 3590 649 3669 τ,
666 3583 726 3650 24.
763 3593 797 3669 s,
816 3572 918 3674 en),
949 3575 1109 3652 officium
1130 3600 1197 3677 po·

104 3682 178 3751 tius
190 3702 298 3778 (luam
313 3689 476 3749 naturam
487 3678 642 3775 designat
657 3674 789 3775 (Hebr.
803 3692 835 3771 1,
850 3676 929 3777 14.)
946 3676 993 3779 ⁵).
1029 3678 1135 3752 Libri
1145 3674 1197 3768 ff,

106 3781 308 3882 opinionem
325 3780 368 3850 de
383 3778 517 3878 anigelis
536 3804 601 3881 pro
615 3779 838 3881 temporibus
858 3777 956 3854 haud
971 3780 1124 3877 multum
1139 3774 1197 3849 ‹li-

104 3883 238 3957 versem
260 3878 472 3955 exhibentes
488 3880 539 3979 ί),
573 3907 632 3955 eos
653 3908 735 3955 vere
756 3878 850 3975 esse„
873 3898 951 3957 tum
972 3878 1098 3953 diserte
1119 3903 1198 3951 nro-

102 4001 187 4059 nent
204 4013 239 4057 v.
256 4010 287 4057 c.
306 3982 383 4055 lob.
402 3991 436 4075 t,
456 3997 512 4059 18.
540 3984 619 4057 Act.
640 3998 700 4077 28,
720 3999 752 4061 8.
780 3982 908 4059 Matth.
929 3997 987 4073 22,
1007 3996 1066 4056 80.
1093 3980 1142 4055 Ιο.
1163 3994 1197 4074 1,

103 4102 186 4179 51,
218 4102 297 4159 tum
322 4086 534 4157 conunercio
556 4110 679 4159 eorum
707 4112 790 4161 cunt
812 4082 1019 4159 hominibus
1043 4108 1198 4157 comme-

101 4204 239 4265 morato
253 4185 439 4261 ostendunt
454 4182 563 4283 (Gen.
581 4200 616 4281 8,
633 4194 692 4263 24.
722 4202 780 4285 28,
799 4200 855 4265 12.
883 4186 952 4259 Ex.
970 4197 1078 4280 8,12.
1104 4186 1196 4262 Dan.
