2792 4759
455 333 461 341 '
510 313 790 410 QDe‘dchefiu.
848 329 851 336 '
895 347 898 354 ·
1022 387 1026 400 ‚
1147 323 1224 404 m

119 521 133 556 ,¹
161 521 179 532 ›·
197 485 455 554 detractum
463 488 515 538 der
523 483 796 556 Mekflm'Seootr·
807 485 870 540 med
881 483 1128 556 Ktretengmtr,
1139 489 1225 547 moeso

121 626 128 642 ,
194 576 363 643 protestans.
376 573 588 642 Grundsdmn,
605 572 647 626 im
660 572 737 628 Krit.
748 571 872 626 Joumos
887 573 914 630 d.
925 573 1053 643 neantes
1070 573 1156 628 thoes·
1171 573 1225 628 Lt-

197 670 318 728 teretur.
336 658 361 712 1.
382 665 458 726 ¹8¹5·
478 669 529 735 rof,⁴
542 655 576 711 ss.
986 688 992 698 ·
1114 685 1117 695 ·

447 836 983 974 s‘’'§·,18⁶·„'ff
1109 839 1110 846 i
1215 845 1218 854 ’

360 1013 918 1098 (continuatio.

235 1198 362 1300 Neque
386 1183 507 1274 tamen
529 1199 681 1301 impedit
704 1199 768 1275 ista
791 1202 1015 1288 ecclesiarum
1039 1205 1222 1306 pluralitas

130 1315 238 1400 atque
250 1301 446 1394 diversitas,
467 1303 672 1402 quominus
686 1304 780 1376 ineo
796 1307 1024 1400 conveniant,
1045 1317 1085 1380 ut
1100 1305 1221 1382 omn'es

129 1429 244 1475 unum
262 1403 483 1513 eundemque
508 1397 740 1505 profiteantur
768 1419 873 1506 atque
898 1407 1013 1480 colant
1040 1407 1223 1509 religionis

127 1520 310 1604 auctorem
324 1504 439 1606 Iesum
454 1501 651 1599 Christum,
677 1501 847 1600 ethonis,
875 1501 973 1610 quae'
984 1501 1142 1586 eiusdem
1156 1507 1223 1584 do-

123 1607 264 1686 utrinae
279 1599 833 1700 debenun,.,conmunibusfini.
846 1609 1015 1698 nitantur.
1057 1609 1223 1713 Quaproe

125 1725 208 1810 pter
225 1707 446 1809 summopere
465 1710 744 1808 optandumest,
772 1726 817 1782 -ut
832 1727 991 1785 nontam
1005 1711 1050 1786 de
1063 1713 1224 1788 amman«

121 1810 185 1882 ‘dis
199 1810 258 1882 vel
272 1810 528 1884 confundendis
541 1811 714 1904 ecclesiis,
747 1835 840 1912 qnae
854 1812 1035 1887 doctrinae
1051 1813 1223 1890 formulas

125 1912 323 1987 defendunt
347 1913 449 2013 plane
470 1912 537 1985 fibi
559 1939 580 1984 ο
606 1914 752 2012 positas,
785 1937 894 2013 quam
917 1913 960 1986 de
982 1909 1222 2015 moralique-

127 2013 216 2088 dam
228 2014 446 2114 consensione
456 2011 553 2087 ¹inte'r
594 2013 718 2115 ngusos
731 2010 863 2096 harum
878 2015 1099 2098 ecclesiarum
1117 2015 1222 2091 soda-

127 2115 182 2192 les
202 2113 386 2196 efficienda
405 2131 441 2190 et
465 2109 705 2194 confirmanda
723 2113 842 2189 sedulo
857 2117 929 2189 iam
943 2119 1117 2218 cogitetur
1123 2107 1150 2213 ,⁸
1167 2135 1220 2213 ut,

128 2220 334 2320 quicunque
346 2215 484 2293 Christo
498 2243 627 2290 nomen
640 2215 821 2310 dederint,
844 2220 1070 2318 quantumvis
1086 2222 1221 2293 cetero-

126 2321 221 2422 quin
233 2319 378 2412 diversi,
398 2319 606 2403 concordiae
620 2333 738 2392 tamen
751 2333 895 2391 mutuae
908 2317 1142 2417 studiosissimi
1154 2321 1222 2396 sint

129 2438 167 2497 et
180 2436 346 2495 moneant
359 2421 407 2520 ¹).
458 2420 539 2492 Non
556 2420 669 2492 solum
686 2420 880 2520 scripturae
895 2417 922 2494 s.
938 2417 1062 2496 effata:
1079 2419 1219 2498 *Mam

132 2539 269 2617 rnen.
303 2524 392 2597 Luc.
412 2536 446 2615 9,
463 2530 510 2597 64
525 2518 563 2594 ff.
598 2522 733 2597 sTim.
753 2537 787 2614 2,
806 2527 852 2596 24
867 2517 904 2594 ff.
931 2521 998 2614 nt,
1031 2519 1091 2596 sed
1111 2523 1225 2610 etiam,

129 2643 258 2702 natura
278 2625 440 2700 ecclesiae
462 2637 498 2698 e't
520 2623 661 2698 consilia
683 2619 778 2723 ipsa,
816 2649 875 2695 eos
899 2649 1041 2723 quoque
1063 2623 1222 2701 eiusdem

129 2729 260 2822 socios,
289 2729 356 2828 qni
378 2752 400 2800 n
420 2726 573 2799 formula
594 2725 737 2826 publice
752 2737 892 2826 receptu
908 2721 1126 2820 dissentiant,¹
1150 2723 1222 2799 hu·-

130 2832 283 2904 maniter
304 2829 400 2914 serre
419 2842 525 2928 atque
546 2842 715 2919 tractare,
749 2825 977 2901 eteecsefi'em
991 2843 1025 2901 et
1040 2829 1221 2903 civitatem

130 2933 267 3007 iubent.
332 2932 430 3003 Haec
457 2935 665 3014 tolerantia,
704 2954 796 3028 quae
823 2928 985 3024 dicitnr,¹
1014 2931 1221 3004 recentioris

129 3035 211 3110 aeri
232 3033 418 3134 progenies
439 3031 570 3105 nobilis
593 3026 646 3128 (§.
667 3039 749 3107 185,
776 3029 827 3129 c.)
844 3027 900 3130 s),
935 3057 1007 3133 quo
1028 3033 1142 3132 magis
1163 3033 1222 3105 rel

130 3135 227 3237 ipsae
241 3135 509 3227 Protestontium
524 3134 714 3225 ecclesiae,
731 3157 770 3204 ea
785 3133 943 3234 neglecta
951 3191 961 3226 ,
988 3133 1125 3207 delictis
1137 3157 1221 3233 gra-

82 3319 87 3335 ,
130 3237 278 3310 viffimis
298 3235 368 3309 sese
391 3237 719 3308 contaminaverunt
736 3229 788 3331 (§.
809 3249 866 3311 90.
894 3234 945 3332 c.)
962 3233 1014 3334 ⁶),
1048 3233 1222 3309 etnoris-

127 3341 225 3415 mnis
239 3335 332 3410 'adeo
354 3337 575 3439 temporibus
596 3338 750 3410 monstra
769 3334 980 3430 horrenda,
992 3339 1065 3412 i'om
1080 3337 1222 3439 penitus

128 3439 420 3529 debellaturus,
461 3440 563 3512 novis
587 3439 727 3511 viribus
754 3437 923 3512 instructa
951 3455 1074 3514 contra
1099 3465 1221 3520 vetem
1260 3500 1264 3512 .
1337 3437 1341 3442 ’

127 3543 337 3642 religionem
358 3541 546 3642 exsurgere
570 3555 781 3642 coeperunt3
821 3567 863 3613 eo
885 3540 1090 3642 diligentius
1114 3553 1221 3640 atque

130 3643 325 3744 religiosius.
344 3645 475 3717 tuende
493 3644 542 3716 est
564 3659 599 3716 et
621 3641 827 3716 excolende.
878 3643 1082 3718 Videndum
1100 3657 1219 3718 tamen

127 3742 200 3837 est,
230 3761 272 3820 ut
292 3746 415 3820 eadem
434 3746 515 3817 iura
534 3758 570 3816 et
590 3743 873 3843 praerogativae,
905 3769 997 3843 quae
1014 3743 1061 3816 nb
1076 3743 1219 3818 ecclesie

127 3848 328 3948 evangelica
357 3847 518 3921 ecclesiae
544 3844 739 3931 catholicae
763 3843 868 3926 sociis
893 3841 1048 3921 concessa
1074 3843 1218 3938 suerint,

127 3975 149 4023 a
164 3948 357 4024 Catholicis
379 3951 533 4022 invicem
550 3947 691 4020 nostrae
709 3947 869 4020 ecclesiae
888 3943 1058 4038 addictis,
1084 3947 1218 4047 quippe

122 4054 191 4153 qui
215 4054 412 4126 etiamnum
435 4065 606 4147 tanquam
626 4047 797 4122 haeretici
825 4048 873 4120 ab
897 4047 968 4119 iliis
991 4047 1216 4141 damnantur,

122 4153 222 4228 haud
252 4155 469 4253 denegenuu·
485 4149 555 4249 11);’
583 4175 660 4226 nec·
673 4153 792 4225 minus
818 4150 859 4224 in
878 4151 925 4224 'eo
949 4147 1216 4244 elaborundum,
