2792 4759
205 339 275 402 tte
477 325 571 396 Pare
594 327 626 393 Ι.
678 323 765 413 cap.
789 323 841 392 ΙΙ.
891 313 923 418 §.
951 325 1011 396 40.

200 501 329 600 susque
359 497 512 573 acriores
540 511 646 597 atque
675 494 833 570 insolitos
862 511 897 568 et
923 495 1153 596 cogitationes
1178 493 1305 570 subito

201 603 314 676 urenti
334 603 514 674 iniectasa
533 600 689 672 numinis
709 597 865 700 quodam
886 598 1007 669 afflatu
1023 596 1304 698 [inspiratione

203 703 248 802 (i.
259 732 289 777 e.
303 704 348 776 ab
362 699 537 775 efficaciae
554 702 711 773 numinis
726 699 950 773 immediatae
964 698 1024 773 sen
1040 700 1220 798 praesidiis
1233 727 1305 774 na-

201 806 376 880 turalibus
390 802 489 876 haud
505 805 635 876 utentis
650 818 745 876 eerta
760 800 894 903 specie)
912 801 1141 902 repetebant:
1155 885 1157 894 Ι
1172 803 1223 875 ita
1242 803 1303 876 illi

201 911 275 984 iam
298 907 381 979 inde
404 930 425 977 a
447 903 600 977 seeundo
622 919 703 977 ante
725 901 904 976 Christum
928 919 1051 976 natum
1074 901 1209 996 seculo,
1250 905 1302 977 ad

201 1010 333 1110 scripu
354 1007 415 1080 sua
435 1005 533 1079 sacra
556 1031 698 1104 quoque
719 1001 814 1079 hano
837 1005 1076 1106 inspirationis
1092 1006 1301 1104 opinionem

200 1110 458 1186 transtulerunt
479 1103 804 1206 (toleratae.)
827 1104 881 1205 ὗ),
918 1134 1009 1207 quae
1035 1107 1300 1181 narrationibus

200 1215 247 1286 de
268 1209 469 1313 prodigiosa
489 1209 666 1282 librorum
686 1207 723 1282 ss'.
747 1208 968 1308 perditorum
988 1207 1209 1282 restitutione
1232 1237 1300 1310 per

201 1316 352 1391 Esdram
362 1311 395 1411 e)
409 1327 443 1384 et
453 1311 498 1382 de
508 1335 653 1410 graecae
664 1311 831 1384 versionis
840 1309 1103 1384 Alexandrinae
1116 1311 1298 1412 originet)

201 1416 395 1490 admodum
409 1412 651 1487 commendata
666 1427 773 1511 atque
789 1413 994 1486 confirmata
1010 1409 1070 1484 est.
1111 1411 1191 1505 Quo
1207 1413 1301 1487 sacto

200 1522 275 1593 iam
299 1517 518 1616 antiquiores
539 1513 700 1588 ecclesiae
720 1513 939 1588 Christianae
966 1515 1127 1612 ‹loetares
1150 1516 1300 1589 eandem

199 1620 409 1697 sententiam
421 1620 519 1688 varie
534 1629 743 1689 exornatam
757 1615 806 1715 ²),
831 1641 1043 1718 aequavero
1058 1615 1219 1690 subtilius
1233 1616 1300 1692 de-

201 1723 357 1812 finitam,
384 1745 456 1791 non
469 1717 582 1790 solum
597 1716 640 1789 de
654 1717 885 1810 Iudaeorum,
919 1715 977 1790 sed
999 1745 1070 1790 non
1090 1717 1200 1790 multo
1219 1719 1300 1822 post

200 1826 312 1898 etiam
323 1821 367 1894 de
375 1817 659 1893 Christianorum
670 1820 775 1894 libris
788 1817 830 1894 tt
842 1819 882 1919 s)
899 1818 1042 1920 prosesli
1056 1819 1136 1893 sunt
1150 1846 1299 1922 eamque

200 1919 332 2000 aeriter
347 1937 470 1996 contra
486 1919 682 1995 haereticos
695 1919 732 2017 t)
753 1922 1004 2015 desendernnt;
1030 1923 1080 1994 ita
1095 1938 1229 2014 tamen,
1256 1937 1299 1996 ut

201 2029 286 2118 alii,
321 2025 409 2097 licut
431 2023 549 2124 postea
571 2022 798 2116 Synodorum
819 2023 963 2116 Patres,
996 2025 1064 2096 libi
1087 2023 1166 2122 ipfis
1187 2025 1298 2097 etiam

200 2127 470 2230 inspirationem
481 2124 707 2197 vindicarent
720 2123 757 2225 l)
765 2182 774 2217 ,
802 2125 866 2197 alii
880 2127 1028 2199 eandem
1042 2125 1126 2198 adeo
1142 2121 1296 2198 ethnicis

200 2258 275 2306 non
292 2229 436 2302 omnino
457 2227 663 2325 denegatam
680 2225 780 2299 suill'e
799 2241 1021 2299 autumarent
1036 2225 1082 2326 ³),
1116 2226 1298 2298 nonnullis

78 2333 87 2356 '
200 2348 320 2408 tamen
340 2319 435 2404 hane
457 2327 682 2402 ethnicorum
696 2327 966 2429 inspirationem
981 2355 1003 2402 a
1017 2328 1227 2402 daemonum
1242 2329 1300 2402 es-

201 2435 327 2510 lieaeia
341 2430 588 2506 derivantibus
601 2429 650 2528 l).

236 2587 266 2654 a)
285 2583 369 2654 Apud
382 2583 512 2635 Graecos
529 2591 558 2634 et
571 2581 721 2635 Romanoa
737 2591 858 2652 poetae,
879 2591 979 2651 vates,
1003 2579 1175 2651 philosophi
1195 2589 1226 2634 et
1237 2580 1299 2646 tatii

268 2667 370 2720 divino
385 2667 510 2737 quodam
524 2667 627 2720 afflatu
641 2667 688 2720 vel
702 2666 824 2720 numine
840 2666 905 2737 ipso
917 2665 1068 2718 hominem
1083 2665 1200 2734 penitus
1212 2682 1300 2720 oenu-

268 2762 359 2822 pante
376 2751 502 2804 excitari
518 2751 711 2818 dicebantur,
737 2751 813 2821 quod
834 2749 991 2819 respondet
1007 2750 1232 2824 hebraico-52³7
1246 2755 1299 2812 '1³¹¹

267 2863 303 2878 -
320 2818 444 2912 52³2}ss
468 2834 573 2887 Erech.
590 2854 614 2900 r,
629 2848 653 2901 5.
679 2843 709 2887 et
730 2862 765 2896 ··,·
783 2818 821 2896 512
838 2840 910 2912 ³¹2⁸,ss
925 2833 1032 2908 r'tlttjtfl
1059 2851 1081 2902 r,
1097 2853 1123 2904 5.
1148 2853 1176 2904 5,
1194 2815 1234 2902 ¹4¹·
1253 2853 1299 2890 aa.

266 2912 513 2989 (πνευμαιοφόρος
529 2919 606 2988 apud
624 2921 700 2972 Lxx
723 2921 793 2974 Hos.
810 2941 836 2990 9,
850 2928 876 2980 8.
907 2915 1129 2992 ‹prosperandos›
1146 2917 1303 2990 πνεύματος

203 3039 206 3044 -
266 3001 351 3074 ἁγίου
374 3003 480 3056 even.
497 3021 522 3070 a,
535 3005 597 3067 ar.)
639 3005 716 3058 Hine
735 3005 933 3071 asstiterant,
957 3001 1112 3078 θεοφόρα,
1136 3003 1301 3078 θεοφορού-

265 3109 360 3162 μενοι,
376 3083 533 3157 orsoenos,
551 3082 703 3159 aretela,
720 3089 924 3156 θεόπνευστοι,
942 3085 1123 3160 θεομᾶντεις,
1140 3095 1234 3158 θεῖοι,
1252 3091 1301 3149 ἓν·

265 3178 351 3240 deos,
369 3174 515 3241 tatanem,
533 3175 774 3242 ἐνθουσιαστικοὶ,
795 3175 1070 3244 ἁποδαιμονίζοντες,
1089 3172 1301 3247 βακχευὸμενοι,

267 3254 445 3330 μαινόμενοι,
471 3259 574 3312 divino
594 3260 717 3314 numine
739 3261 853 3329 otnant,
880 3261 1037 3331 inspirati,
1063 3261 1213 3329 furentes,
1238 3272 1298 3318 cet.

267 3343 410 3415 appellati
424 3345 500 3396 lunt.
536 3345 589 3396 Vel
603 3345 634 3396 in
649 3344 749 3398 surore
763 3347 822 3398 sire
835 3347 921 3417 persp
936 3357 988 3399 aut
1002 3347 1211 3419 ἰνθονσιασμῷ,
1226 3347 1300 3398 telle

264 3429 428 3483 Platone
446 3427 479 3480 in
493 3429 617 3482 Phaedr.
636 3430 670 3482 X,
689 3430 753 3498 316.
779 3431 822 3485 ed.
839 3432 925 3501 trip..
950 3431 1064 3502 aliquid
1077 3429 1237 3484 honorifici
1253 3432 1303 3484 r'n·
1388 3451 1389 3460 ¹

268 3515 324 3567 else
346 3513 568 3582 existimabant,
594 3515 632 3568 cf.
652 3513 729 3568 cte.
750 3516 785 3567 da
806 3515 927 3568 divinat.
953 3519 978 3570 1.
1002 3534 1046 3586 37.
1082 3515 1210 3570 lustin.
1229 3533 1301 3569 nar-

265 3607 351 3654 rante
368 3596 389 3650 l.
403 3597 512 3651 XLIII.
533 3617 559 3650 c.
574 3617 600 3653 a.
636 3596 729 3651 Fauni
748 3615 820 3652 uxor
836 3601 943 3667 Fatua,
967 3601 1098 3668 „assidue
1118 3600 1218 3654 divino
1239 3601 1302 3671 spi·

266 3682 331 3737 ritu
352 3679 493 3750 impleta,
525 3683 606 3735 velut
631 3683 837 3752 perforarent
862 3683 962 3737 lutura
986 3687 1238 3755 praemonebat.”
1263 3713 1302 3726 —

266 3762 400 3839 Kna'pp
420 3766 538 3834 Scripta
553 3766 625 3819 varii
640 3767 815 3836 argumenti.
836 3769 887 3824 Ed.
904 3787 928 3824 a.
950 3771 987 3825 H.
1006 3781 1079 3840 ¹8²5·
1100 3773 1211 3826 Prolus.
1226 3775 1250 3827 1.
1266 3771 1300 3825 in

265 3853 327 3906 loe.
344 3869 359 3904 a
375 3853 451 3902 Petr.
468 3867 493 3916 a,
511 3867 633 3920 19-21.
659 3867 688 3920 p.
705 3851 748 3917 56.
775 3853 898 3923 „Quum
911 3855 942 3906 in
959 3856 1091 3925 vatibus,
1111 3857 1163 3910 nbi
1178 3858 1299 3910 oracula

264 3937 412 4002 tundant,
432 3947 539 4004 magna
553 3935 645 3987 aniani
659 3936 821 3990 commotio
838 3947 867 3990 et
880 3957 949 3992 vero
966 3941 1055 3993 etiam
1068 3943 1174 3994 mentia
1187 3941 1299 3996 aliena·

267 4021 312 4075 tio
330 4017 547 4090 conspiciatur,
572 4029 713 4088 apparet,
738 4020 808 4091 quid
823 4024 923 4076 causae
937 4023 986 4090 lit,
1013 4043 1066 4079 cur
1087 4044 1120 4080 ea
1140 4025 1297 4094 vocabula,

268 4120 341 4173 qnae
352 4104 387 4154 de
399 4103 583 4155 vaticinando
598 4105 746 4173 dicuntur,
760 4106 849 4160 etiarn
861 4107 1033 4178 lirnplieiter
1046 4112 1174 4179 insanire
1188 4110 1234 4164 rel
1241 4109 1297 4176 sn·

268 4203 331 4240 rere
342 4186 526 4256 significent,
544 4187 637 4241 veluti
649 4189 709 4242 hoo
721 4188 817 4259 ipsum
829 4193 952 4252 verbum
965 4197 1124 4250 vaticinari
1137 4194 1215 4265 apud
1228 4194 1298 4249 lati·
