2792 4759
191 373 240 447 42
405 370 673 461 Prolegomena.
724 370 840 461 Caput
864 372 896 440 Ι.
946 362 981 465 §
1012 382 1069 445 te.

188 542 366 617 actionem
392 566 466 615 uuo
488 541 617 615 obtutu
641 568 713 615 non
737 558 847 643 queat
870 536 1189 645 comprehendere,
1231 541 1294 619 sed

188 644 340 745 singulas
363 660 501 717 tantum
524 646 600 717 eius
623 660 761 745 partes,
800 646 922 747 prouti
945 647 1115 747 temporis
1136 644 1292 721 succellu

188 762 225 821 et
243 775 291 821 ex
309 748 467 819 locorum
483 746 681 821 diversitate
695 746 925 838 evolvuntur,
951 748 1144 821 secundum
1161 752 1291 845 cansa-

189 852 307 921 litatie
336 848 451 949 legem
480 848 545 951 ipsi
576 850 735 920 innatam
759 848 953 950 conspiciat
979 850 1131 951 ideoque
1158 853 1290 943 onmia,

187 950 279 1053 quae
305 952 401 1023 Deus
425 976 489 1053 per
510 948 543 1023 se
571 956 775 1022 immediate
802 954 987 1051 operatur,
1029 980 1112 1025 eum
1137 958 1291 1025 nautae

187 1050 329 1155 operari
351 1068 465 1144 recte,
497 1050 534 1125 h.
553 1080 583 1125 e.
609 1052 717 1153 ipsius
734 1052 967 1151 cognoscendi
987 1054 1126 1153 legibus
1146 1054 1290 1155 prorsus

181 1155 452 1246 convenienter,
479 1154 624 1228 iudicet.
675 1148 861 1228 Deiaaesr
883 1156 1065 1254 quidest,
1098 1172 1290 1255 quantum-

184 1280 328 1357 cunque
351 1258 496 1329 demum
518 1256 580 1348 stt,
614 1256 653 1329 in
676 1284 798 1329 rerum
822 1271 949 1329 natura
972 1256 1157 1351 effectum,
1192 1258 1290 1359 quod

187 1360 281 1431 vires
299 1374 464 1453 naturae,
492 1356 575 1432 licet
592 1360 697 1431 certis
713 1357 890 1430 limitibus
905 1357 972 1430 siut
987 1358 1288 1461 circumscriptae,

186 1458 327 1535 efficere
354 1488 426 1533 non
454 1462 654 1561 potuerint,
695 1458 962 1559 imperfectione
986 1487 1050 1559 per
1072 1460 1106 1533 se
1131 1487 1204 1533 non
1225 1490 1292 1534 ne-

186 1560 331 1637 cessaria
351 1562 491 1635 laborat
513 1577 657 1653 natura,
690 1562 788 1661 quod
811 1560 958 1661 quidem
981 1562 1291 1662 imperfectionem

184 1660 226 1739 iu
246 1664 323 1765 ipso
345 1679 491 1735 naturae
513 1678 655 1736 auctora
677 1660 864 1737 necessario
881 1661 1077 1762 supponere
1094 1689 1158 1735 nos
1174 1663 1288 1737 iuhet.

137 1788 140 1797 ’
187 1766 323 1865 Siquis
341 1771 487 1861 deniqne
500 1766 649 1837 sumere
665 1765 827 1856 auderet,
843 1779 1010 1837 eventum
1025 1766 1181 1863 aliquem
1196 1766 1290 1837 sorte

184 1866 389 1941 miralailem
413 1868 557 1939 omnino
583 1891 654 1938 non
678 1864 773 1969 posse
802 1866 1015 1965 exlegibus
1045 1882 1191 1939 naturae
1220 1893 1290 1938 ex-

184 1968 334 2070 plicari,
376 1994 458 2040 cum
481 1982 658 2069 oporteret
681 1970 843 2041 curruum
866 1970 942 2040 eius
964 1969 1083 2069 legum
1131 1966 1289 2041 crscctis-

185 2070 271 2143 fimo
286 2068 433 2141 scientia
447 2070 649 2171 praeditum
664 2068 740 2144 else.
793 2070 893 2163 Quae
912 2097 1025 2168 quum
1046 2072 1085 2141 in
1102 1996 1288 2143 lionrincm

183 2197 258 2245 non
279 2171 401 2263 cadat,
429 2172 674 2271 consequitur,
707 2200 752 2245 ne
773 2172 819 2246 src
840 2172 988 2271 quidem
1010 2199 1092 2245 cnm
1115 2171 1287 2273 sapientia

183 2272 310 2345 divina
332 2272 633 2379 supernaturalem
653 2276 904 2349 revelationem
926 2272 991 2346 else
1013 2274 1285 2347 conciliandam.

183 2374 279 2449 Nam
300 2375 326 2447 fi
347 2402 451 2447 nemo
473 2374 648 2449 eiusmodi
663 2375 830 2450 effectum
846 2377 950 2448 certis
966 2377 1070 2474 lignis
1090 2376 1285 2475 intelligere

183 2476 317 2578 potest,
360 2478 390 2549 is
419 2504 463 2550 ne
492 2494 595 2579 aptus
619 2479 766 2579 quidem
788 2474 869 2550 esset
897 2479 1107 2550 revelationi
1131 2479 1285 2566 ‹tn-inae,

183 2579 321 2679 quippe
336 2580 401 2679 qui
415 2577 599 2653 hominem
617 2583 656 2653 in
677 2581 847 2679 andriguo
862 2579 1098 2679 relinqueret,
1125 2606 1191 2653 nec
1208 2606 1286 2653 cer-

182 2694 259 2753 tam
274 2706 435 2780 unquam
452 2684 486 2755 ei
503 2683 760 2782 persualionem
777 2682 923 2754 induere.
941 2680 1060 2781 poll'et.

287 2780 387 2872 Quae
411 2782 524 2880 quum
546 2786 596 2855 ita
618 2785 703 2876 lint,
736 2784 808 2855 sola
832 2789 997 2853 revelatio
1018 2790 1195 2855 naturalia
1215 2784 1285 2855 live

183 2882 420 2957 ma11iseltatio
436 2887 505 2957 Dei
526 2900 620 2957 recte
641 2885 784 2956 elelandi
808 2884 902 2985 poll'c
925 2887 1085 2978 videtur,
1121 2912 1229 2986 (quam
1246 2887 1285 2957 iu

181 2986 421 3077 universalem
444 2986 469 3057 s.
491 3012 717 3058 communem
746 3002 780 3059 et
802 2993 1059 3079 particularem
1086 2988 1110 3060 s.
1133 2987 1285 3087 lingula·
1384 3066 1388 3075 ,

182 3112 262 3161 rem
284 3086 444 3159 dividere
470 3087 586 3160 liceat.
638 3090 685 3161 Et
708 3094 919 3183 universalia
943 3091 1089 3189 (pridem
1112 3089 1285 3161 neutrali-

182 3187 253 3262 bus
276 3189 390 3260 animi
411 3188 639 3263 simultatibus
663 3191 813 3291 aliisque
832 3191 1014 3265 universae
1036 3219 1158 3264 rerum
1179 3206 1284 3264 natu·

99 3362 103 3371 ,
181 3314 244 3365 rae
267 3291 450 3390 praesidiis
471 3290 643 3383 efficitur,
671 3292 805 3392 (quilius
825 3292 933 3366 homo
950 3294 996 3366 ad
1013 3293 1285 3394 concipiendam

181 3391 440 3493 colendamque
454 3422 575 3467 rerum
589 3394 793 3467 divinarum
808 3396 971 3468 notitiam
985 3412 1158 3468 movetur.
1185 3400 1285 3470 Par·

183 3499 371 3567 ticalarem
393 3523 477 3569 vero
499 3496 719 3597 eandemque
745 3504 939 3569 mediatam
954 3496 1008 3597 ί),
1042 3498 1112 3569 alio
1136 3498 1284 3596 quidem

182 3595 304 3689 sensu,
331 3622 441 3697 quam
455 3614 589 3672 veteres
607 3595 659 3697 (§.
680 3598 755 3699 7.),
782 3600 935 3673 dicimus
957 3626 1053 3693 eam,
1081 3624 1173 3700 quae
1197 3624 1286 3673 con-

181 3701 318 3773 tinetur
348 3698 539 3801 complexu
567 3726 689 3774 rerum
716 3703 910 3777 secuudum
931 3718 1095 3775 naturam
1117 3703 1292 3775 evenieu-'

182 3802 294 3893 tium,
329 3802 462 3902 quilius
486 3804 695 3903 providente
716 3807 794 3879 Deo
820 3805 982 3877 nonnulli
1005 3803 1169 3877 homiues
1197 3828 1283 3905 prae

184 3905 311 3976 ceteris
333 3906 481 3978 excitati
502 3905 583 3977 sunt
604 3906 649 3977 ad
671 3932 776 3979 verae
803 3906 987 4005 religionis
1016 3907 1196 4007 principia
1223 3931 1285 3977 co-

182 4004 381 4105 gnoscenda
410 4033 541 4107 eaque,
582 4008 811 4110 popularium
841 4008 988 4109 quidem
1016 4008 1196 4081 desideriis
1222 4032 1285 4079 ac-

183 4108 427 4200 commodate,
452 4110 581 4210 insigni
598 4136 682 4185 cum
697 4108 850 4185 succelsu
871 4110 950 4183 aliis
971 4111 1154 4185 tradenda
1207 4110 1286 4183 Au-

184 4220 263 4281 utor
275 4206 484 4285 huiusmodi
501 4212 744 4307 revelationis,
770 4238 843 4314 quo
858 4213 971 4315 magis
990 4215 1122 4315 apertis
1141 4212 1286 4284 divinae
