2792 4759
148 239 151 243 ι
178 280 255 345 ’828
437 271 532 342 Para
554 268 606 338 ΙΙ.
658 268 743 365 Cap.
772 270 818 341 V.
869 262 902 365 §.
933 282 1014 345 112.

181 442 422 535 contineatur,
460 440 555 513 mala
579 466 721 541 quoqne
749 440 806 515 vel
830 448 973 541 phyfiea
1000 440 1109 535 sunt,'
1142 430 1277 542 quibus

181 543 344 616 nonnulli
366 557 400 615 et
422 548 654 639 metaphyfica
676 544 796 615 minus
817 559 896 645 apte
917 545 1148 637 addiderunt,
1175 570 1195 617 e
1216 569 1276 615 re-

181 670 264 717 rum
286 660 484 717 creatarum
506 647 709 719 conditione
731 646 836 719 certis
855 646 1028 720 limitibus
1050 643 1278 720 circumscri-

208 762 243 817 ta
264 746 526 845 provenientia,
560 747 617 818 vel
644 752 815 834 moralia,
852 772 1006 847 eprava
1027 744 1183 821 hominis
1208 772 1278 818 vo-

181 772 315 919 luntate
330 848 539 923 exoriunda.
569 846 843 923 Obiectionibus
858 848 940 922 inde
956 848 1145 947 depromtis
1158 861 1200 920 ut
1213 872 1278 920 oo-

183 974 386 1041 ourrmnns,
427 949 578 1048 spectari
603 949 734 1022 dehent
760 956 919 1043 primum
947 949 1052 1023 salsae
1077 947 1275 1041 hominum,

184 1051 319 1149 qnippe
341 1050 406 1148 qui
427 1050 514 1122 fines
536 1050 715 1127 bonorum
731 1055 906 1146 absolutos
927 1076 1010 1125 cum
1028 1055 1184 1124 relativis
1202 1049 1277 1121 sae-

183 1148 320 1249 pissime
344 1150 564 1225 confundunt
578 1150 613 1250 t)
621 1210 632 1243 ,
675 1152 720 1224 de
743 1153 911 1252 qualitate
937 1168 973 1225 et
997 1178 1145 1225 numero
1167 1150 1278 1223 malo-

183 1277 266 1324 rum
289 1255 473 1351 opiniones
494 1252 527 1351 ι)
551 1269 586 1327 ct
609 1252 744 1326 iudicia
766 1280 890 1325 corum
916 1253 960 1327 de
986 1254 1153 1327 felicitate
1179 1250 1281 1351 saepe

186 1356 384 1445 contraria3
427 1361 550 1426 deinde
578 1368 723 1427 naturae
752 1354 872 1428 linitae
901 1355 1076 1452 certisque
1102 1352 1281 1426 limitibus

184 1455 471 1556 circumscriptae
502 1456 647 1555 propria
678 1453 839 1547 indoles;
876 1471 1061 1547 praeterea
1094 1452 1282 1527 commoda

185 1554 289 1654 longe
310 1557 464 1658 plurima
485 1572 520 1630 et
538 1557 715 1649 maxima,
742 1580 832 1655 quae
848 1555 993 1629 sublatis
1009 1554 1113 1627 malis
1127 1550 1192 1626 elle
1207 1576 1281 1625 non

185 1657 339 1757 pollent,
372 1658 448 1761 ipsa
468 1683 551 1730 vera
572 1659 685 1729 virtus
707 1670 811 1755 atque
832 1654 1011 1747 honestas,
1038 1681 1109 1727 non
1130 1654 1195 1727 niti
1215 1677 1280 1753 per

187 1758 288 1832 varia
301 1758 507 1834 discrimina
520 1784 640 1833 rerum
653 1756 851 1831 exercenda
867 1772 902 1829 et
915 1756 1147 1857 perficienda,
1173 1756 1280 1827 item-

187 1883 258 1955 que
278 1859 332 1929 vis
353 1885 395 1930 ea
417 1858 594 1949 salutaris,
620 1883 691 1956 qua
708 1859 844 1931 animos
859 1857 905 1929 ad
921 1858 1045 1931 altiora
1060 1855 1207 1931 evehere
1224 1869 1279 1927 at-

187 1982 259 2055 que
277 1959 462 2030 emendare
486 1958 602 2031 valent
625 1956 747 2059 (Rom.
768 1976 801 2053 8,
823 1975 867 2035 17
883 1955 942 2057 ss'.)
958 1958 1014 2059 ‘);
1054 1958 1160 2035 liberi
1181 1961 1280 2034 deni-

189 2086 255 2153 que
276 2058 436 2152 arbitrii,
470 2085 541 2159 quo
563 2060 735 2135 exstincto
755 2087 857 2137 omne
879 2062 1021 2137 virtutis
1043 2075 1077 2133 et
1103 2060 1184 2132 vitii
1205 2058 1281 2130 dis-

189 2159 324 2233 crimen
340 2161 538 2252 tolleretur‚
565 2160 694 2233 abusus
709 2163 858 2235 creatori
878 2163 1024 2239 minime
1040 2159 1280 2263 imputandum

189 2286 297 2359 quem
317 2262 462 2359 quidem
481 2262 557 2366 ipsa
578 2265 735 2337 miminis
755 2263 926 2367 sapientia
947 2271 1083 2339 coercet
1105 2277 1210 2361 atque
1229 2261 1282 2333 ita

188 2362 410 2456 moderatur,
441 2379 482 2434 nt
502 2363 594 2435 mala
613 2362 695 2437 inde
717 2367 873 2467 profecta
893 2362 991 2437 haud
1012 2389 1092 2437 raro
1113 2365 1153 2435 in
1172 2362 1282 2461 bene-

189 2460 272 2535 ficia
294 2479 553 2538 convertantur.
587 2462 704 2563 (Gen.
729 2477 788 2558 50,
810 2482 869 2541 20.
912 2466 991 2546 Act,
1014 2481 1047 2557 3,
1070 2460 1280 2559 14-18.)

189 2569 312 2651 Adde,
345 2566 479 2642 iudicia
502 2564 660 2641 humana
678 2580 756 2639 tum
778 2566 821 2641 do
838 2567 1009 2666 dignitate
1029 2565 1173 2655 morali,
1204 2579 1281 2638 tum

190 2664 441 2758 (infelicitate,
484 2693 555 2768 qua
582 2668 663 2767 quis
687 2668 761 2745 1ὶυί
788 2668 947 2761 videtin,
985 2666 1086 2769 saepe
1113 2666 1209 2757 falli,
1247 2679 1282 2739 et

192 2768 334 2840 virtutis
355 2771 513 2868 praemia
527 2768 735 2868 scelerisque
751 2768 941 2870 supplicia,
967 2772 1005 2841 in
1020 2767 1088 2842 hac
1105 2769 1178 2840 vita
1192 2794 1290 2855 uon<

192 2866 280 2942 dum
307 2895 418 2967 acqua
447 2872 547 2942 lance
572 2870 781 2965 distributa,
816 2872 909 2943 vitae
929 2872 1067 2947 suturae
1090 2868 1187 2969 spem
1208 2892 1284 2939 me-

192 2980 313 3042 tumve
326 2972 444 3041 lovere
459 2968 607 3065 (Mutth.
624 2986 680 3067 13,
700 2987 805 3049 28—
815 2971 916 3069 30.),
943 2998 1013 3071 quo
1029 2969 1184 3044 studium
1200 2994 1300 3071 pro-q

192 3069 265 3171 prii
280 3072 458 3144 commodi
480 3068 651 3144 terrestris
673 3073 902 3147 saluberrime
920 3072 1131 3173 deprimitur
1146 3084 1181 3147 et
1199 3096 1283 3170 pro-

192 3168 322 3268 gressus
348 3172 392 3247 ad
413 3169 670 3247 humanitatem
690 3174 976 3273 honestatemque
1001 3174 1141 3249 facilior
1165 3172 1284 3246 reddi-

192 3284 262 3344 tur.
314 3272 437 3371 Neque
457 3290 575 3346 tamen
598 3276 948 3375 praetermittendum
969 3274 1036 3368 est,
1069 3300 1190 3346 veram
1209 3274 1284 3346 vir-

192 3384 323 3463 tutem,
351 3400 441 3473 quae
455 3376 668 3477 pulcerrima
684 3377 751 3449 libi
766 3376 841 3478 ipsa
855 3402 989 3462 merces
1005 3376 1054 3449 est
1073 3374 1105 3473 e)
1114 3432 1123 3467 ,
1156 3375 1229 3445 iam
1245 3373 1284 3445 in

192 3468 262 3547 hac
277 3476 351 3545 vita
366 3479 646 3550 remuneratione
669 3477 731 3549 sua
753 3479 908 3572 iuterna,
934 3478 1071 3577 saepius
1087 3490 1202 3549 autem
1219 3501 1285 3547 cx—

193 3578 884 3675 terna,onminononcarere(Ps.97,10.
904 3594 960 3655 11.
982 3578 1043 3653 les.
1055 3594 1088 3671 3,
1101 3575 1191 3653 roff.
1214 3576 1283 3649 lac.

84 3668 90 3693 ⁸
198 3692 231 3770 1,
247 3688 306 3753 25.
333 3679 453 3752 tPetr.
468 3694 499 3771 1,
512 3680 578 3778 9.)‚
595 3681 719 3781 eulpae
729 3708 812 3755 vero
825 3680 1035 3755 conscientia
1049 3679 1287 3755 conditionem

193 3775 350 3853 hominis
362 3783 525 3881 quamvis
533 3784 693 3856 fortunae
704 3783 897 3862 conunodis
908 3780 1110 3857 affluentem
1118 3806 1202 3854 vera
1210 3778 1288 3854 feli-

195 3882 300 3953 citata
313 3909 466 3982 veroque
479 3883 608 3983 gaudio
623 3886 764 3983 penitus
776 3885 911 3985 privari
924 3907 1123 3983 poenasque
1134 3880 1287 3972 meritas,

192 3981 271 4080 post
282 3982 428 4083 longum
439 3986 575 4183 saepius
586 3985 809 4061 intervallum
819 3984 957 4059 scelesto
967 3986 1076 4083 capiti
1087 3985 1126 4055 in
1137 3980 1206 4057 hac
1216 3983 1290 4053 vita

193 4084 267 4161 iam
280 4084 461 4185 infinit).
499 4086 654 4183 .10b.15‚
672 4085 767 4164 roff.
795 4084 1007 4183 Plancis.
1034 4080 1290 4180 nomast.)
